3117 5050
835 500 918 569 94
1233 482 1366 547 m:
1423 477 1808 546 RERUM
1867 476 2308 542 NATURA
2417 502 2481 547 v.
2525 468 2665 551 361.
2778 480 2781 487 ·

832 628 961 691 Sed
982 644 1103 709 per
1128 640 1237 687 eos
1262 619 1562 686 animum
1586 630 1660 681 ut
1682 619 1934 683 foribus
1951 606 2243 702 spectare
2263 622 2534 688 reclusis
2549 670 2571 707 ,

830 725 1113 792 Difficile
1134 732 1267 806 est,
1300 730 1527 787 eontra
1548 741 1752 802 quom
1786 738 2011 786 sensus
2045 724 2242 785 ducat
2269 744 2531 805 eorum3

830 836 1066 899 sensus
1098 829 1278 893 enim
1298 825 1533 909 trahit,
1569 836 1766 908 atque
1793 826 1964 891 acies
1995 830 2286 893 detrudit
2302 834 2392 893 ad
2414 833 2627 915 ipsas-2.

830 935 1107 1023 Fulgida
1136 929 1521 1017 praesertim
1542 948 1748 1013 quom
1765 951 2030 997 eernere
2054 950 2248 1018 saepe
2281 936 2676 1023 nequimus,

830 1035 1113 1101 Lumina
1150 1036 1514 1101 luminibus
1542 1035 1702 1117 quia
1730 1035 1922 1100 nobis
1947 1040 2500 1122 praepediuntur3

823 1144 1029 1228 Quod
1046 1143 1297 1207 foribus
1321 1162 1458 1208 non
1478 1136 1555 1204 fit
1572 1162 1590 1203 z
1616 1162 1834 1222 neque
1847 1140 2030 1205 enim
2044 1188 2063 1223 ,
2081 1164 2215 1224 qua
2229 1144 2557 1210 cernimus
2567 1143 2735 1231 ipsi,

834 1248 1029 1314 Ostia·
1044 1248 1405 1332 suscipiunt
1434 1248 1646 1310 ullum
1673 1250 1924 1311 reclusa
1955 1248 2274 1313 laborem.

831 1358 1170 1423 Praeterea
1186 1401 1205 1436 ,
1230 1354 1286 1419 si
1312 1374 1437 1440 pro
1457 1354 1710 1417 foribus
1729 1364 1879 1417 sunt
1897 1353 2152 1417 lumina
2180 1366 2433 1438 nostra,

830 1464 973 1527 Iam
1002 1462 1248 1549 magis,
1280 1460 1817 1541 exemtis'octffis,
1852 1462 2094 1523 dehere
2131 1460 2409 1524 videtur·

832 1572 1121 1635 Cernere
1141 1586 1245 1631 res
1274 1566 1562 1647 animus,
1585 1565 1852 1629 sublatis
1875 1564 2184 1647 postibus·
2207 1567 2388 1649 ipsis.

912 1674 1092 1737 Illud
1124 1670 1197 1733 in
1222 1669 1327 1734 his
1358 1671 1553 1733 rebus
1572 1686 1990 1748 nequaquam
2023 1676 2284 1733 sumere
2307 1669 2548 1751 possiS‚

828 1774 1196 1843 Democriti
1227 1776 1407 1855 quod
1431 1775 1656 1837 sancta
1679 1770 1803 1833 viri
1829 1772 2151 1836 sententia
2180 1773 2402 1854 ponit,

834 1880 1147 1970 Corporis
1171 1888 1372 1960 atque'
1396 1876 1604 1941 animi
1635 1876 2002 1960 primordia
2027 1876 2320 1965 singula,
2355 1874 2566 1960 privis

834 1988 1142 2075 Adposita
1160 2034 1181 2071 ,
1205 1987 1469 2051 alternis
1494 1984 1751 2048 variare
1770 2030 1789 2065 ,
1817 2005 1894 2048 ac
1919 1997 2209 2067 nectere,
2245 1984 2562 2047 membra.
2591 1998 2602 2009 ·

836 2076 1003 2158 Nam
1022 2115 1221 2177 quom
1241 2095 1451 2175 multo
1467 2102 1620 2157 sunt
1637 2092 1877 2154 animai
1902 2089 2503 2180 elementaminora
2516 2134 2538 2171 ,

838 2202 1055 2281 Quam
1078 2196 1319 2277 quibus
1336 2206 1400 2265 et
1420 2214 1657 2275 corpus
1675 2193 1864 2257 nohis
1891 2205 1954 2256 et
1983 2193 2232 2257 viscera
2259 2199 2593 2273 constant,
2625 2194 2744 2274 376

834 2306 1007 2367 Tum
1032 2322 1307 2365 numero
1328 2319 1595 2383 quoque
1611 2300 2006 2383 concedunt,
2042 2312 2108 2364 et
2127 2321 2277 2363 rara
2293 2322 2416 2383 per
2426 2310 2604 2366 artus

838 2409 1075 2475 Dissita
1099 2420 1275 2489 sunt,
1300 2410 1639 2491 dumtaxat
1659 2419 1731 2470 ut
1757 2409 1884 2471 hoe
1912 2365 2296 2491 prcimittere
2329 2408 2564 2493 possisj

840 2506 1173 2601 Quantula
1191 2514 1405 2598 prima
1431 2523 1706 2596 queant,
1737 2512 1928 2576 nobis
1951 2512 2228 2595 iniecta,·
2256 2512 2430 2578 ciere

840 2627 1135 2706 Corpora
1157 2619 1499 2684 sensiferos
1524 2629 1739 2682 motus
1766 2620 1838 2681 in
1871 2641 2180 2704 corpore,
2212 2629 2394 2682 tanta

760 2802 763 2806 A
838 2727 1193 2800 Intervalla
1222 2735 1446 2788 tenere
1468 2720 1739 2788 exordia
1767 2726 1983 2808 prima
2014 2725 2280 2789 animai.

838 2835 1008 2896 Nam
1032 2846 1254 2910 neque
1281 2829 1575 2912 pulveris
1599 2829 1928 2894 interdum
1957 2829 2272 2894 sentimus
2294 2831 2650 2894 adhaesum

842 2938 1164 3018 Corpore,
1194 2949 1317 2994 nec
1335 2933 1648 2999 memhris
1671 2933 2000 2998 incussam
2034 2935 2247 2998 sidere
2273 2945 2546 3011 cretam3

840 3041 973 3104 Neo
994 3037 1307 3102 nebulam
1335 3049 1532 3102 noctu
1546 3084 1568 3121 ,
1598 3035 2060 3120 nequeat-anei
2084 3039 2303 3108 tenuia
2325 3037 2438 3103 fila

842 3145 1084 3226 Obvia,
1120 3143 1436 3212 sentimus
1449 3192 1470 3229 ,
1499 3148 1770 3233 quando
1799 3147 2162 3212 obretimur
2187 3157 2446 3225 euntes3

842 3256 975 3318 Nec
1001 3271 1241 3336 supera
1276 3264 1475 3336 eaput
1505 3252 1801 3318 eiusdem
1844 3253 2149 3318 cecidisse
2175 3255 2419 3318 vietam

841 3357 1134 3437 vectem,
1168 3375 1291 3419 nec
1319 3357 1583 3440 plumas
1607 3356 1863 3438 avium,
1901 3377 2284 3448 papposque
2307 3353 2661 3438 volenteis,

844 3460 980 3544 Qui
1008 3459 1216 3523 nimia
1246 3461 1511 3526 levitate
1542 3465 1785 3526 cadunt
1807 3462 2199 3545 plerumque
2221 3461 2579 3548 gravatimz

842 3563 977 3648 Nec
1002 3563 1285 3645 repentis
1316 3562 1482 3628 itum
1516 3564 2118 3646 quoiusviscunque
2154 3561 2504 3626 animantis

842 3664 1197 3746 Sentimu33
1234 3690 1355 3734 nec
1384 3668 1576 3753 priva
1606 3671 1854 3753 pedum
1883 3665 2158 3754 vestigia
2189 3686 2490 3748 quaeque
2499 3675 2550 3746 ,‘

843 3773 1134 3850 Corpore
1154 3772 1414 3848 quaein
1431 3783 1656 3838 nostro
1675 3771 1914 3838 culices
1928 3818 1948 3853 ‚
1973 3783 2035 3836 et
2059 3781 2270 3834 cetera
2283 3815 2302 3850 ‚
2325 3771 2600 3852 ponunt.

845 3878 1065 3957 Usque
1085 3873 1252 3937 adeo
1274 3875 1458 3956 prius
1477 3888 1573 3942 est
1584 3878 1670 3942 v-in
1695 3877 1888 3942 nobis
1916 3867 2488 3953 multe-ciendum,

2566 4041 2599 4064 l

3045 2655 3052 2970 ——a-—nm-A-A—
3049 2619 3051 2632 -
3043 2557 3051 2576 -n
3051 2474 3053 2481 ,
