3117 5050
928 479 987 543 L
1019 481 1055 542 1
1092 479 1141 543 B
1176 479 1232 540 E
1270 481 1329 540 R
1408 469 1540 543 V.··
1569 497 1634 538 v.
1661 473 1816 557 ⁰754.
2211 479 2322 555 187

414 621 751 688 Obiiciens
776 639 1039 686 caecum
1066 617 1269 684 radiis
1292 617 1676 698 ardentibus
1695 614 1971 680 orbem?

332 791 345 809 ,
367 727 743 834 Tempore·
756 727 989 789 eodem
1010 724 1195 788 aliud
1212 723 1431 786 facere
1451 721 1525 784 id
1544 739 1683 784 non
1709 737 1908 803 posse
1915 724 2183 800 putetur
2281 763 2290 800 :

367 809 698 913 Corpus,
724 833 903 910 quod
931 849 1184 894 cassum
1218 832 1481 894 labatur
1506 823 1760 889 lu‘mine
1789 843 2049 906 semper
2063 824 2096 885 P

488 934 729 1013 Solque
755 953 907 1034 suos
926 932 1128 996 etiam
1156 931 1487 995 dimittere
1510 929 1915 1016 languidus·
1891 925 2108 1013 igneis

404 1035 729 1120 Tempore
756 1059 875 1102 cur
898 1047 1077 1101 certo
1102 1047 1386 1117 nequest
1400 1081 1421 1118 ,
1452 1038 2160 1117 recrearequelumen,

404 1139 625 1222 Quom
646 1143 794 1203 lona
822 1134 1183 1220 praeteriit,
1216 1135 1497 1200 flammis
1526 1135 1794 1218 infesta,
1821 1159 1943 1221 per·
1959 1159 2182 1223 auras,

401 1245 591 1329 Quae
614 1243 863 1306 faciunt
886 1241 1097 1328 igneis
1122 1239 1547 1326 interstingui
1580 1250 1776 1321 atque
1797 1241 2058 1324 perire?

382 1407 385 1411 .
477 1355 559 1413 Et
579 1372 698 1413 cur
722 1361 894 1413 terra
922 1359 1121 1432 queat
1146 1351 1375 1415 lunam
1400 1349 1684 1431 spoliare
1709 1349 1997 1413 vicissim

366 1519 373 1524 .
399 1455 715 1536 Lumine,
742 1463 808 1518 et
829 1471 1215 1538 oppressum
1244 1454 1453 1518 solem
1468 1497 1489 1534 ,
1513 1471 1715 1534 super
1735 1450 1911 1534 ipsa,
1944 1447 2201 1534 tenere,

398 1565 735 1626 Menstrua
760 1563 921 1624 dum
947 1559 1192 1649 rigidas
1214 1557 1369 1623 coni
1390 1557 1756 1642 perlabitur
1773 1559 2068 1634 umbras3

396 1667 727 1749 Tempore
748 1662 1199 1731 eodem'aliud
1228 1673 1513 1746 nequeat
1538 1683 1922 1728 succurrere
1946 1665 2148 1726 lunae

400 1777 655 1858 Corpus
673 1820 692 1856 ,
722 1775 831 1838 vel
850 1795 1052 1857 supra
1068 1773 1237 1838 solis
1261 1771 1592 1856 perlabier
1619 1774 1881 1855 orbem,

398 1865 595 1963 Quod
620 1878 839 1944 radios
866 1879 1330 1962 interrumpat,
1364 1879 1728 1960 lumenque
1751 1876 2142 1960 profusum?

476 1984 558 2047 Et
582 1993 834 2066 tamen,
866 1983 1011 2067 ipsa
1039 2003 1159 2048 suo
1194 1983 1251 2047 si
1280 1985 1491 2071 fulget
1525 1985 1687 2047 luna
1717 1983 1968 2070 nitore,

394 2092 531 2152 Cur
556 2100 837 2171 nequeat
873 2095 1049 2154 certa'
1082 2089 1317 2156 mundi
1347 2091 1772 2176 languescere
1797 2097 2015 2176 parte,

392 2195 571 2258 Dum
597 2196 743 2257 loca
758 2239 777 2275 ,
801 2194 1167 2269 ‚luminibus
1192 2195 1481 2281 propriIs
1504 2195 1810 2278 inimica,
1836 2207 1958 2279 per
1980 2191 2162 2258 exit?
2185 2195 2302 2277 769

452 2289 669 2390 ‘Quod
689 2312 1010 2386 superest,
1029 2303 1345 2384 quoniam
1359 2352 1379 2389 ,
1400 2305 1627 2393 magni
1644 2327 1766 2391 per
1785 2306 2048 2370 caerula
2065 2303 2299 2368 mundi

388 2406 540 2489 Qua
565 2403 711 2468 fieri
730 2405 1062 2487 quidquid*
1071 2417 1289 2490 posset
1310 2407 1600 2489 ratione,
1617 2407 1860 2473 resolvi
1877 2429 1896 2470 ε

389 2509 557 2574 Solis
584 2510 683 2573 uti
712 2509 926 2575 varios
962 2534 1219 2595 cursus,
1246 2515 1579 2596 lunaeque
1605 2526 1888 2594 meatus,

390 2616 667 2681 Noscere
691 2636 1025 2699 possemus
1038 2663 1057 2698 ‚
1086 2627 1255 2698 quae
1286 2618 1387 2681 vis
1409 2631 1477 2681 et
1507 2638 1704 2682 causa
1725 2618 1922 2681 cieret
1937 2638 1959 2679 ι

390 2720 623 2803 Quove
645 2721 847 2783 modo
875 2720 1129 2781 soleant
1153 2714 1393 2781 offecto
1418 2717 1676 2780 lumine
1701 2718 1923 2800 obire,

388 2820 469 2882 Et
496 2843 619 2886 nec
641 2820 1005 2905 opinanteis
1038 2821 1321 2885 tenebris
1353 2822 1682 2883 obducere
1721 2830 1952 2900 terras3

388 2926 609 3007 Quom
640 2926 829 3007 quasi
850 2926 1239 3010 connivent,
1265 2936 1333 2989 et
1360 2936 1620 3049 aperto
1605 2897 1866 2990 nmine
1889 2944 2157 2989 rumam

388 3026 636 3091 Omnia
664 3031 1013 3094 convisunt
1036 3033 1211 3095 clara
1244 3034 1389 3096 loca
1416 3006 1698 3096 eandida
1729 3033 1913 3095 luce.

385 3137 577 3200 Nu'nc
600 3141 799 3202 redeo
820 3142 907 3202 ad
939 3142 1172 3202 mundi
1192 3140 1547 3206 novitatem
1561 3186 1581 3223 ,
1615 3147 1680 3203 et
1704 3139 1934 3203 mollia
1960 3148 2170 3203 terrae

386 3236 599 3317 Arva;
632 3260 809 3307 novo
836 3242 970 3304 fetu
1000 3242 1163 3323 quid
1196 3244 1489 3326 primum
1518 3243 1592 3307 in
1618 3234 1890 3308 luminis
1921 3260 2070 3307 oras

382 3345 677 3432 Tollere,
712 3359 777 3412 et
802 3348 1067 3419 incertis
1100 3353 1375 3413 credunt
1406 3348 1813 3414 committere
1837 3350 2069 3415 ventis.

460 3447 827 3535 Principio,
852 3470 1061 3537 genus
1090 3454 1477 3536 herbarum,
1506 3451 1921 3533 viridemque
1945 3452 2226 3521 nitorem
2239 3496 2271 3536 ,.

380 3550 585 3617 Terra
610 3555 792 3619 dedit
810 3555 1058 3621 circum
1080 3555 1333 3634 colleis3
1362 3576 1758 3641 camposque
1775 3570 1898 3639 per
1915 3557 2168 3623 omneis

380 3660 644 3723 Florida
670 3660 994 3725 fulserunt
1020 3663 1332 3726 viridanti
1359 3673 1549 3746 prata
1576 3666 1828 3727 colore·

382 3770 869 3852 Arboribusque
902 3774 1127 3835 datum
1151 3783 1248 3837 est
1283 3773 1485 3873 variis
1509 3772 1745 3837 exinde
1771 3796 1892 3857 per
1913 3794 2102 3840 auras

386 3874 743 3939 Crescundi
765 3893 1085 3963 magnum
1110 3874 1417 3946 immissis
1439 3888 1770 3945 certamen
1794 3882 2088 3949 habenis.

2357 2397 2405 2442 Χ
