3117 5050
802 464 957 540 DE
1016 465 1107 537 T.
1159 465 1811 539 LucRETm.
2063 416 2249 546 ‘m

311 617 562 726 sophia
599 630 1122 722 nov-antiqua,
1174 649 1317 720 qua
1364 625 1767 700 confutavit
1790 628 2247 724 Lucretium,

319 765 572 814 excusa
593 756 694 812 est
722 737 1123 810 Mediolani.
1153 761 1180 808 1
1199 759 1355 828 ⁷04·
1396 758 1422 804 1
1442 761 1504 811 2.
1530 756 1605 808 et
1624 739 1871 809 merita
1899 738 2110 811 laude
2128 765 2248 812 ce·-

315 853 630 924 lebratur
671 851 749 919 in
789 847 1034 919 Diario
1075 846 1405 934 venete,
1441 845 1780 918 Giornale
1815 847 1925 918 de’
1946 831 2251 920 lettera-ti

319 960 586 1032 d'Italia
609 1010 632 1046 ,
691 958 908 1028 Tom.
947 956 1104 1030 Vll.
1146 977 1304 1052 pag.
1355 977 1384 1022 1
1405 979 1513 1046 ¹4·
1565 981 1710 1050 seq.
1755 955 2033 1028 Henrici
2076 959 2255 1030 Mori

315 1071 648 1142 Poemata
687 1067 1215 1164 philosophica,
1260 1066 1334 1136 in
1361 1067 1627 1159 quibus
1654 1069 2031 1162 praecipue
2060 1071 2253 1140 mul-

318 1198 387 1251 ta
412 1205 544 1274 pro
571 1180 977 1250 animorum
1008 1173 1579 1263 immortalitate,
1619 1179 1941 1268 praelum
1973 1202 2249 1248 evasere

318 1292 806 1388 Cantabrigiae
841 1289 1046 1380 1647.
1073 1289 1133 1362 8.
1175 1287 1597 1362 Blackmorii.
1625 1287 1899 1380 Equitis
1926 1307 1995 1359 et
2016 1287 2252 1358 Medi-

316 1401 382 1470 ci
405 1397 878 1501 Londine‘nsis
907 1446 928 1481 ‚
975 1404 1234 1486 poema
1259 1392 1530 1488 insigne
1561 1393 1652 1464 de
1686 1395 2053 1465 creatione
2076 1447 2098 1482 ,
2144 1420 2249 1466 se·

315 1529 517 1605 ptem
549 1527 872 1580 constans
895 1507 1088 1581 libris
1109 1559 1128 1593 ,
1173 1529 1326 1597 quo
1345 1503 1883 1580 Providentiam
1912 1509 2253 1581 Numinis

315 1621 645 1691 adversus
665 1617 1076 1689 Lucretium
1105 1613 1468 1701 defendit,
1506 1614 1647 1689 iam
1666 1619 2249 1711 tertium-prodiit
2284 1632 2289 1637 “
2342 1629 2351 1636 ’

317 1729 630 1802 Londini
661 1751 769 1796 an.
819 1751 842 1796 1
865 1745 1022 1816 714.
1089 1724 1353 1796 Genesti
1387 1737 1646 1818 poema
1678 1727 2245 1818 pulcherrimum

319 1839 586 1910 Parisiis
628 1837 943 1931 primum
965 1886 985 1922 2
1029 1834 1298 1906 deinde
1334 1832 1849 1907 Amstelodami
1884 1857 1995 1907 an.
2036 1859 2113 1924 17
2136 1858 2243 1924 17.

326 1977 435 2025 ια.
478 1973 819 2023 excusum
862 1950 1002 2020 hoc
1043 1948 1261 2017 titulo
1293 1963 1433 2016 est:
1483 1947 1815 2045 Principes
1858 1949 1932 2017 de
1960 1950 2245 2045 philoso-

309 2058 502 2162 phie,
545 2087 625 2131 ou
668 2083 933 2158 preuves
971 2057 1322 2129 naturelles
1365 2055 1441 2125 de
1473 2055 1839 2124 l’existence
1869 2055 1943 2127 de
1968 2055 2144 2127 Dieu
2180 2075 2246 2129 et

321 2169 394 2240 de
424 2166 888 2239 l’immortalite?
910 2167 984 2237 de
1002 2167 1210 2236 l'ame.
1230 2163 1430 2234 Idem
1455 2187 1625 2234 cum
1650 2163 2013 2234 Bettholdi
2033 2167 2240 2236 Hen-

316 2282 441 2353 rici
489 2281 830 2352 Brockesii
887 2277 1305 2371 metaphrasi
1357 2276 1777 2346 Germanica
1841 2274 2239 2374 Hamburgs

328 2391 527 2478 1728.
561 2393 624 2460 8.
649 2388 792 2460 Sed
819 2387 1178 2458 Marchetci
1207 2383 1585 2478 (eiusdem,
1618 2383 1817 2454 cuius
1838 2384 2239 2475 metaphra-

317 2499 424 2569 sin
446 2495 750 2567 Lucretii
764 2492 1078 2564 Italicam
1106 2489 1285 2562 infra
1309 2487 1761 2581 memorabo)
1794 2489 2058 2559 Poe-ma
2074 2488 2241 2582 phi-

317 2607 762 2699 losophicum
814 2602 1319 2697 imperfectum
1373 2600 1467 2670 ab·
1522 2602 1814 2670 auct'ore
1862 2598 2234 2686 relictum,
2288 2669 2291 2672 .

318 2740 452 2787 nec
477 2716 615 2787 luci
645 2715 895 2786 datum
924 2728 1063 2802 est,
1093 2713 1291 2783 cuius
1317 2708 1609 2779 initium
1636 2722 1861 2778 exstat
1885 2707 1958 2777 in
1988 2706 2233 2778 Diario

315 2812 598 2893 Veneto
631 2824 846 2895 Tom.
876 2818 1074 2891 XXI.
1099 2842 1250 2914 pag.
1277 2816 1630 2906 258-260.
1676 2816 1825 2885 Nec
1865 2814 2248 2901 Germanis

261 2956 266 2961 ·
315 2934 565 3003 nostris
609 2933 804 3002 deest
825 2982 848 3019 ‚
916 2954 1137 3022 quem
1198 2926 1575 3023 ingeniosis
1633 2927 1822 2997 hisce
1875 2922 2231 3017 religionis

317 3038 764 3111 assertoribus
789 3039 1012 3131 poetis
1055 3059 1420 3107 accensere
1459 3060 1627 3107 cum
1673 3034 1888 3106 laude
1910 3082 1933 3118 ,
1970 3047 2043 3099 et
2082 3030 2230 3098 Lu·-

315 3146 536 3219 c-retio
579 3168 948 3239 opponere
987 3146 1374 3239 possimus,
1421 3143 1749 3213 laudatus
1798 3138 2225 3212 Brackesius.

315 3257 514 3326 cuius
543 3255 850 3327 carmina
898 3252 1296 3322 suavissima
1337 3249 1709 3320 vernacula
1744 3246 1837 3316 de
1882 3244 2225 3317 creatoris

316 3382 389 3438 et
416 3391 650 3437 rerum
681 3380 1070 3434 creatarum
1112 3358 1543 3431 admirandis
1578 3358 1717 3427 iam
1762 3354 2031 3447 saepius
2062 3371 2225 3447 post

314 3478 620 3573 primam
648 3496 755 3543 an.
791 3495 992 3567 ¹123·
1020 3470 1418 3567 Hamburgi
1447 3471 1805 3568 vulgatam
1830 3463 2225 3549 editionem

313 3611 549 3659 recusa
587 3602 900 3678 quatuor
927 3582 1416 3654 voluminibus
1447 3582 1523 3651 in
1554 3582 1618 3650 8.

411 3693 486 3767 Si
533 3694 692 3787 quis
733 3694 1028 3765 titulum
1073 3693 1300 3764 modo
1341 3694 1708 3777 consulat,
1764 3688 1967 3762 facile
2010 3705 2227 3783 putet

316 3806 648 3877 Lucretio
697 3806 910 3874 etiam
967 3806 1381 3898 oppositum
1426 3828 1567 3873 esse
1622 3801 1889 3874 librum
1946 3799 2223 3897 Belgica

313 3939 516 4009 prosa
541 3912 758 3986 Amst.
794 3934 915 3997 171
932 3939 996 3985 o.
1023 3915 1086 3988 8.
1105 3912 1194 3984 ab
1217 3912 1530 3983 Henrico
1556 3907 2041 4006 Wyermarsio
2066 3910 2229 3979 vul·-

503 4040 528 4087 χ
703 4030 714 4047 ,
