3117 5050
919 443 978 504 ι,
1014 443 1048 505 1
1086 445 1136 507 B
1175 445 1230 506 E
1266 447 1330 508 n
1405 447 1460 509 ι.
1540 467 1607 510 v.
1648 409 1825 525 854.‘.
2228 455 2307 515 ει

389 587 528 670 Nil,
545 594 640 678 Qut
665 586 933 670 opium-3
961 587 1078 652 ubi
1096 609 1179 652 ex
1199 607 1410 670 aequo
1431 609 1534 653 res
1557 590 1855 658 funditus
1882 593 2099 658 omnis
2178 646 2189 669 „

387 695 554 760 Tam
584 697 878 762 mortalis
911 697 1036 762 erit
1052 743 1072 779 ,
1107 718 1312 780 qnam
1335 719 1506 780 quae
1525 699 1873 765 manifesta
1898 701 2201 768 videmus

387 805 486 866 Ex
505 804 709 868 oculis
729 803 967 867 nostris
983 849 1003 885 ,
1025 801 1250 884 aliqua
1275 803 1345 864 vi
1375 802 1551 866 victa
1569 847 1589 884 ‚
1623 804 1863 886 perire.

384 911 468 972 At
491 931 706 992 neque
730 911 1022 976 recidere
1053 912 1141 974 ad
1173 910 1461 973 nihilum
1496 931 1603 974 res
1632 929 1851 992 posse,
1884 930 2101 992 neque

1418 1022 1432 1033 “
1727 1025 1951 1080 autem

382 1121 686 1184 Crescere
712 1122 794 1183 de
821 1118 1034 1183 nihilo
1051 1163 1070 1202 ‚
1099 1127 1298 1184 testor
1325 1138 1432 1182 res
1459 1126 1613 1180 ante
1644 1120 1971 1202 probatas.

457 1227 801 1288 Praeterea
814 1268 833 1303 ‚
859 1220 1176 1302 quoniam
1203 1221 1388 1283 cibus
1403 1231 1607 1306 auget
1626 1241 1863 1304 eorpus
1884 1222 2161 1308 alitque,

376 1330 556 1393 Scire
576 1329 765 1409 licet,
804 1327 998 1390 nobis
1031 1336 1266 1406 venas3
1301 1335 1364 1388 et
1403 1335 1731 1412 sanguen,
1758 1331 1827 1390 el
1850 1345 2022 1410 ossa,

376 1436 456 1495 Et
491 1451 759 1512 nervos,
787 1429 1178 1516 alienigenis
1207 1451 1289 1492 ex
1323 1428 1621 1512 partibus
1656 1451 1831 1494 esse:

375 1535 528 1597 Sive
558 1535 737 1598 cibos
753 1535 1014 1598 omneis
1049 1533 1408 1598 commixto
1445 1553 1721 1617 corpore
1748 1534 1975 1608 dicent

372 1643 559 1724 Esse,
593 1651 658 1704 et
677 1631 924 1704 hahere
949 1639 1022 1702 in
1041 1661 1112 1704 se
1141 1658 1498 1702 nervorum
1528 1660 1809 1723 corpora
1834 1661 2073 1724 parva,

275 1783 295 1825 ·.
374 1749 700 1831 Ossaque,
724 1759 790 1810 et
809 1747 1085 1810 omnino
1103 1767 1333 1829 venas,
1359 1745 1749 1829 ‚parteisque
1777 1747 2059 1824 cruoris3

347 1853 546 1936 'Fiet‚
569 1854 668 1917 uti
696 1852 883 1916 cibus
910 1853 1126 1920 omnis
1155 1863 1220 1916 et
1243 1853 1500 1937 aridus,
1536 1863 1599 1914 et
1614 1851 1839 1934 liquor
1857 1852 2035 1935 ipse,

364 1960 466 2023 Ex
496 1960 882 2046 alienigenis
902 1963 1099 2023 rebus
1119 1970 1423 2024 constare
1445 1972 1760 2043 putentur
1777 2007 1797 2040 ‚

371 2069 676 2152 Ossibus,
707 2080 770 2131 et
789 2067 1044 2150 nervis,
1072 2068 1422 2149 venisque,
1453 2079 1517 2129 et
1537 2068 1900 2152 sanguine,
1941 2067 2170 2132 mixta.

365 2173 739 2254 Praeterea,
763 2192 1194 2256 quaecunque
1221 2193 1258 2234 e
1286 2181 1459 2236 terra
1485 2191 1768 2256 corpora
1788 2182 2124 2250 crescunt,
2166 2174 2285 2235 868

357 2271 432 2351 ,si
462 2288 614 2340 sunt
647 2277 719 2340 in
754 2275 971 2357 terris,
1013 2277 1254 2340 terram
1287 2275 1585 2340 constare
1614 2297 1875 2342 necesse
1901 2288 1994 2342 est

362 2383 458 2445 Ex
479 2383 898 2472 alienigenis,
921 2402 1093 2465 quae
1121 2381 1311 2446 terris
1345 2381 1751 2448 exoriuntur.
1968 2367 1972 2372 ’

358 2477 888 2569 Transfer-item,
924 2486 1200 2573 totidem
1233 2485 1447 2551 verbis
1475 2495 1664 2549 utare
1697 2483 1965 2551 licebit:

358 2593 438 2654 In
474 2592 674 2679 lignis
697 2594 753 2659 si
775 2597 1042 2657 flamma
1058 2595 1215 2657 latet
1233 2636 1252 2673 ,
1276 2591 1635 2672 fumusque
1654 2637 1673 2671 ‚
1714 2590 2011 2672 cinisque
2028 2636 2047 2672 ,

356 2699 454 2761 Ex
477 2699 864 2786 alienigenis
897 2698 1250 2763 consistant
1275 2697 1460 2782 ligna
1485 2715 1751 2759 necesse
1786 2705 1903 2759 est.

433 2804 788 2885 Linquitur
813 2798 926 2867 hic
950 2800 1490 2867 tenuis'latitandi
1513 2800 1706 2884 eopia
1735 2804 2057 2883 quaedam
2079 2848 2097 2884 ‚

354 2906 434 2967 Id
459 2910 640 2986 quod
653 2910 1074 2993 Anaxagoras
1095 2903 1224 2968 sibi
1247 2904 1476 2981 sumit3
1503 2914 1577 2967 ut
1604 2905 1915 2969 omnibus
1934 2902 2190 2969 omneis

353 3014 485 3075 Res
516 3023 701 3093 putet
727 3013 1062 3077 immixtas
1083 3012 1278 3076 rebus
1299 3011 1593 3094 htitare‚
1627 3014 1744 3077 sed
1767 3014 1937 3075 illud

352 3121 688 3201 Apparere
723 3139 963 3198 unum,
979 3119 1228 3199 ‘quoius
1253 3118 1384 3182 sint
1409 3119 1631 3201 pluria
1662 3118 1901 3197 mixta,

349 3224 431 3285 Et
453 3222 664 3308 magis
684 3222 755 3285 in
788 3234 1085 3307 promtu,
1113 3224 1458 3307 primaque
1483 3223 1558 3285 in
1593 3222 2103 3299 fronte,·loca1a÷

348 3331 548 3414 Quod
569 3340 787 3392 tamen
823 3348 862 3391 a
890 3348 1050 3392 vera
1076 3329 1277 3415 longe
1307 3328 1563 3391 ratione
1593 3328 1931 3409 repulsum
1968 3335 2085 3387 est.

347 3436 796 3520 Conveniebat
815 3435 992 3500 enim
1007 3481 1026 3518 ,
1063 3432 1286 3523 fruges
1306 3454 1571 3516 quoque
1590 3453 1785 3515 saepe
1801 3478 1819 3513 ,
1854 3428 2103 3492 minaci
2134 3429 2137 3432 ’

344 3542 611 3604 Robore
635 3559 837 3621 quom
861 3540 1000 3604 saxi
1032 3540 1434 3625 franguntur
1448 3586 1467 3621 ‚
1509 3539 1768 3601 mittere
1791 3534 2055 3621 signum

343 3636 720 3729 Sanguinis,
756 3654 869 3706 aut
903 3642 1188 3728 aliquid,
1223 3652 1448 3709 nostro
1491 3662 1663 3723 quae
1686 3658 1963 3723 corpore

639 3822 645 3827 ,
825 3766 831 3771 ·
1529 3748 1820 3810 aluntur=
1988 3742 1993 3747 ’

345 3856 594 3944 [Quom
606 3856 897 3942 lapidem
912 3856 984 3921 in
995 3858 1289 3941 lapidem
1304 3856 1595 3939 terimus,
1610 3875 1877 3921 manare
1888 3856 2253 3941 eruorem]
