3117 5050
878 467 995 536 174
1080 459 1087 468 '
1264 449 1397 516 DE
1443 453 1824 516 RERUM
1873 452 2318 547 NATURA
2457 477 2524 520 v.
2567 461 2714 537 341.

866 597 997 664 Aut
1017 594 1321 661 cecidisse
1340 591 1559 661 urbeis
1581 611 1826 678 magno
1850 594 2200 660 vexamine
2231 595 2500 682 mundi,
2584 651 2590 660 .

862 703 997 767 Aut
1024 721 1101 762 ex
1130 697 1455 762 imbribus
1478 697 1750 762 assiduis
1777 697 1988 768 exisse
2004 695 2314 783 -rapaeeis

864 809 991 872 Per
1011 817 1211 870 terras
1228 802 1508 882 amneis,
1530 812 1729 883 atque
1751 798 1998 886 oppida
2025 803 2439 888 cooperuisse
2457 831 2480 888 3

864 913 1076 976 Tanto
1098 908 1341 992 quique
1360 908 1574 996 magis
1589 909 1800 974 victus
1821 911 2065 978 fateare
2098 935 2362 978 necesse
2389 927 2516 1000 est,

863 1013 1151 1079 Exitium
1176 1037 1441 1098 quoque
1466 1025 1788 1080 terrarum
1815 1017 2112 1102 coelique
2135 1019 2454 1083 futurum.

861 1121 1057 1201 Nam,
1083 1133 1291 1200 quom
1312 1139 1415 1182 res
1445 1117 1642 1180 tantis
1671 1117 1918 1181 morbis
1945 1118 2271 1200 tantisque
2293 1120 2562 1203 periclis

862 1226 1329 1307 Tentarentur,
1360 1225 1452 1289 ibi
1476 1226 1532 1290 si
1561 1225 1805 1290 tristior
1832 1226 2237 1294 incubuisset

864 1333 1103 1413 Causa,
1130 1329 1363 1394 darent
1386 1334 1517 1395 late
1550 1334 1836 1416 cladem,
1865 1318 2269 1421 magnasque
2288 1335 2532 1402 ruinas·

863 1442 999 1502 Nee
1022 1437 1279 1502 tatione
1304 1438 1438 1500 alia
1462 1440 1774 1503 mortales
1802 1460 1942 1506 esse
1971 1439 2282 1504 'videmur

862 1543 1041 1608 Inter
1070 1563 1190 1607 nos
1198 1589 1217 1624 ,
1251 1542 1380 1607 nisi
1401 1545 1582 1624 quod
1607 1545 1856 1624 morbis
1885 1545 2320 1633 aegrescimus
2349 1539 2558 1631 idem,

860 1654 1075 1736 Atque
1105 1645 1207 1712 illi
1223 1693 1243 1729 ,
1264 1665 1433 1728 quos
1448 1667 1489 1710 a
1510 1647 1647 1710 vita
1671 1659 1906 1714 natura
1931 1649 2232 1714 removit.

914 1797 917 1802 -
940 1754 1308 1834 Praeterea,
1322 1771 1756 1834 quaecunque
1769 1765 2043 1818 manent
2061 1764 2324 1818 aeterna
2339 1799 2358 1837 ,
2375 1775 2632 1818 neeesse
2653 1761 2787 1840 est,

860 1863 961 1926 Au
968 1871 1009 1943 t,
1027 1859 1183 1944 quia
1198 1870 1350 1922 sunt
1363 1859 1578 1925 solido
1599 1879 1750 1937 eum
1769 1879 2074 1945 eorpore,
2095 1837 2398 1944 respuere
2419 1862 2610 1944 ictus,

861 1969 994 2034 Nec
1012 1978 1357 2063 penetrare
1374 1969 1513 2052 pati
1526 1967 1652 2036 sibi
1667 1967 2059 2052 quidquam,
2071 1973 2252 2053 quod
2269 1981 2466 2051 queat
2479 1981 2654 2035 artas

860 2075 1225 2144 Dissociare
1250 2076 1425 2142 intus
1442 2077 1712 2162 parteis,
1735 2087 1809 2142 ut
1833 2079 2136 2143 materiai

860 2185 1157 2266 Corpora
1171 2194 1349 2264 sunt,
1370 2201 1657 2266 quorum
1671 2192 1976 2248 naturam
2003 2185 2414 2252 ostendimus
2432 2148 2608 2250 ante:
2649 2185 2775 2250 356

860 2275 991 2356 Aut
1014 2286 1167 2376 ideo
1188 2283 1425 2352 durare
1448 2300 1725 2356 aetatem
1751 2297 1940 2376 posse
1963 2313 2084 2375 per
2100 2313 2368 2358 ornnem
2381 2339 2404 2376 ,

861 2392 1213 2478 Plagazum
1233 2394 1391 2476 quia
1411 2404 1563 2458 sunt
1583 2394 1906 2479 expertia,
1925 2396 2091 2460 sieut
2112 2397 2312 2460 inane
2339 2404 2469 2476 est,

862 2497 1058 2579 Quod
1072 2505 1293 2559 manet
1308 2493 1624 2561 intactum
1636 2545 1655 2580 ,
1679 2517 1890 2583 neque
1907 2499 1992 2560 ab
2007 2497 2138 2560 ictu
2159 2495 2460 2583 fungitur
2475 2495 2692 2562 hilum
2704 2517 2726 2562 z

861 2603 993 2663 Aut
1012 2600 1236 2683 etiam,
1257 2602 1413 2683 quia
1432 2603 1618 2667 nulla
1643 2603 1775 2669 loci
1801 2602 1884 2667 sit
1903 2600 2092 2684 eopia
2113 2601 2362 2670 circum
2379 2648 2400 2684 ,

862 2709 1015 2793 Quo
1034 2710 1219 2790 quasi
1240 2732 1342 2775 res
1362 2711 1613 2795 possint
1634 2712 1968 2777 discedere
1981 2755 2002 2793 ,
2017 2707 2440 2792 dissolvique:
2519 2798 2522 2801 ἡ

862 2813 1041 2877 Sicut
1058 2836 1469 2880 summarum
1485 2838 1744 2883 summa
1761 2826 1856 2881 est
1877 2824 2140 2879 aeterna
2155 2860 2174 2897 ,
2195 2834 2406 2894 neque
2424 2821 2604 2877 extra

863 2914 1026 3000 Quis
1040 2917 1221 2979 locus
1235 2927 1354 2997 est,
1366 2938 1501 2999 quo
1516 2918 1838 2983 dissiliant
1851 2940 1870 2996 ;
1893 2933 2106 2999 neque
2121 2936 2393 2999 corpora
2406 2926 2575 2999 sunt,
2593 2929 2772 2999 quae

862 3019 1113 3084 Possint
1129 3020 1423 3085 incidere
1436 3069 1456 3105 ,
1474 3030 1539 3085 et
1555 3020 1778 3087 valida
1799 3020 2154 3085 dissolvere
2174 3022 2388 3105 plaga.

862 3130 947 3190 At
962 3148 1202 3213 neque,
1222 3129 1321 3193 uti
1340 3130 1571 3213 docui,
1590 3130 1806 3196 solido
1821 3150 1974 3193 eum
2001 3148 2276 3211 corpore
2297 3128 2533 3191 mundi

861 3233 1104 3295 Natura
1124 3243 1249 3315 est,
1268 3234 1581 3314 quoniam
1601 3233 1970 3298 admixtum
1991 3240 2086 3305 est
2101 3232 2178 3293 in
2193 3233 2394 3295 rebus
2413 3231 2610 3294 inane
2625 3253 2653 3309 ς,

863 3338 997 3400 Nee
1016 3347 1235 3403 tamen
1252 3348 1345 3403 est
1362 3350 1435 3403 ut
1452 3338 1679 3403 inane:
1705 3358 1923 3421 neque
1937 3346 2156 3401 autem
2174 3356 2452 3423 corpora
2465 3336 2719 3418 desunt,

862 3442 957 3502 Ex
976 3444 1237 3507 infinito
1256 3465 1423 3525 quae
1438 3444 1690 3527 possint
1707 3444 1878 3511 forte
1903 3449 2128 3503 coorta

865 3550 1185 3615 Con-uere
1202 3556 1375 3617 hane
1394 3572 1616 3617 rerum
1635 3552 1930 3617 violento
1950 3541 2554 3618 turbine-summam
2569 3595 2591 3634 ,

864 3654 993 3723 Aut
1018 3654 1211 3717 aliam
1233 3657 1532 3738 quamvis
1561 3658 1812 3719 cladem
1839 3654 2198 3737 importare
2215 3651 2488 3735 pericli„

866 3756 999 3815 Nee
1024 3774 1221 3834 porro
1244 3772 1476 3823 natura
1498 3761 1661 3840 loci,
1685 3761 2101 3845 spatiumque
2127 3758 2473 3848 profundi,

868 3856 1101 3923 Deficit
1113 3903 1133 3941 ,
1155 3864 1452 3947 exspergi
1470 3886 1605 3946 quo
1619 3867 1871 3951 possint
1900 3859 2456 3943 moenia<1nundi3
