<?xml version="1.0" encoding="UTF-8"?>
<!DOCTYPE html PUBLIC "-//W3C//DTD XHTML 1.0 Transitional//EN"
    "http://www.w3.org/TR/xhtml1/DTD/xhtml1-transitional.dtd">
<html xmlns="http://www.w3.org/1999/xhtml" xml:lang="en" lang="en">
 <head>
  <title>
</title>
<meta http-equiv="Content-Type" content="text/html;charset=utf-8" />
  <meta name='ocr-system' content='tesseract 3.04.00' />
  <meta name='ocr-capabilities' content='ocr_page ocr_carea ocr_par ocr_line ocrx_word'/>
</head>
<body>
  <div class='ocr_page' id='page_1' title='image "./tlucretiicaride00unkngoog_0268.png"; bbox 0 0 3117 5050; ppageno 0'>
   <div class='ocr_carea' id='block_1_1' title="bbox 820 401 2278 518">
    <p class='ocr_par' dir='ltr' id='par_1_1' title="bbox 820 401 2278 518">
     <span class='ocr_line' id='line_1_1' title="bbox 820 401 2278 518; baseline 0.003 -21"><span class='ocrx_word' id='word_1_1' title='bbox 820 436 881 497; x_wconf 85' lang='lat' dir='ltr'>L</span> <span class='ocrx_word' id='word_1_2' title='bbox 918 436 951 497; x_wconf 88' lang='lat'>1</span> <span class='ocrx_word' id='word_1_3' title='bbox 988 438 1038 498; x_wconf 87' lang='lat' dir='ltr'>B</span> <span class='ocrx_word' id='word_1_4' title='bbox 1076 436 1133 496; x_wconf 83' lang='lat' dir='ltr'><strong>E</strong></span> <span class='ocrx_word' id='word_1_5' title='bbox 1170 436 1233 497; x_wconf 75' lang='lat' dir='ltr'><strong>n</strong></span> <span class='ocrx_word' id='word_1_6' title='bbox 1309 434 1441 497; x_wconf 86' lang='lat' dir='ltr'><strong>v1.</strong></span> <span class='ocrx_word' id='word_1_7' title='bbox 1522 454 1590 497; x_wconf 74' lang='lat' dir='ltr'><strong>v.</strong></span> <span class='ocrx_word' id='word_1_8' title='bbox 1633 436 1813 518; x_wconf 58' lang='lat'><strong>³⁸9³·</strong></span> <span class='ocrx_word' id='word_1_9' title='bbox 2131 401 2278 503; x_wconf 58' lang='grc' dir='ltr'><strong>κε’</strong></span> 
     </span>
    </p>
   </div>
   <div class='ocr_carea' id='block_1_2' title="bbox 326 570 2252 3812">
    <p class='ocr_par' dir='ltr' id='par_1_2' title="bbox 336 570 2216 877">
     <span class='ocr_line' id='line_1_2' title="bbox 336 570 2216 670; baseline 0 -22"><span class='ocrx_word' id='word_1_10' title='bbox 336 586 415 649; x_wconf 88' lang='lat' dir='ltr'><strong>Et</strong></span> <span class='ocrx_word' id='word_1_11' title='bbox 428 582 689 649; x_wconf 72' lang='lat' dir='ltr'><strong>iaciunt</strong></span> <span class='ocrx_word' id='word_1_12' title='bbox 711 582 933 670; x_wconf 82' lang='lat' dir='ltr'>ignem</span> <span class='ocrx_word' id='word_1_13' title='bbox 948 628 967 666; x_wconf 91' lang='lat'>‚</span> <span class='ocrx_word' id='word_1_14' title='bbox 998 599 1133 665; x_wconf 83' lang='lat' dir='ltr'><strong>quo</strong></span> <span class='ocrx_word' id='word_1_15' title='bbox 1155 578 1445 662; x_wconf 83' lang='lat' dir='ltr'><strong>quoique</strong></span> <span class='ocrx_word' id='word_1_16' title='bbox 1466 570 1563 645; x_wconf 68' lang='lat' dir='ltr'><strong>est</strong></span> <span class='ocrx_word' id='word_1_17' title='bbox 1587 602 1847 663; x_wconf 81' lang='lat' dir='ltr'><strong>cunque</strong></span> <span class='ocrx_word' id='word_1_18' title='bbox 1873 584 2176 648; x_wconf 81' lang='lat' dir='ltr'><strong>voluntas</strong></span> <span class='ocrx_word' id='word_1_19' title='bbox 2195 608 2216 665; x_wconf 79' lang='lat'>3</span> 
     </span>
     <span class='ocr_line' id='line_1_3' title="bbox 338 681 2204 771; baseline -0.001 -20"><span class='ocrx_word' id='word_1_20' title='bbox 338 692 505 771; x_wconf 86' lang='lat' dir='ltr'><strong>Cur,</strong></span> <span class='ocrx_word' id='word_1_21' title='bbox 524 686 761 768; x_wconf 83' lang='lat' dir='ltr'><strong>quibus</strong></span> <span class='ocrx_word' id='word_1_22' title='bbox 785 687 1123 751; x_wconf 79' lang='lat' dir='ltr'><strong>incautum</strong></span> <span class='ocrx_word' id='word_1_23' title='bbox 1146 681 1359 747; x_wconf 83' lang='lat' dir='ltr'><strong>scelus</strong></span> <span class='ocrx_word' id='word_1_24' title='bbox 1388 683 1758 749; x_wconf 77' lang='lat' dir='ltr'>aversabile</span> <span class='ocrx_word' id='word_1_25' title='bbox 1783 706 2051 767; x_wconf 82' lang='lat' dir='ltr'><strong>cunque</strong></span> <span class='ocrx_word' id='word_1_26' title='bbox 2075 696 2204 771; x_wconf 83' lang='lat' dir='ltr'><strong>est,</strong></span> 
     </span>
     <span class='ocr_line' id='line_1_4' title="bbox 337 778 1882 877; baseline -0.001 -20"><span class='ocrx_word' id='word_1_27' title='bbox 337 796 486 858; x_wconf 83' lang='lat' dir='ltr'><strong>Non</strong></span> <span class='ocrx_word' id='word_1_28' title='bbox 504 794 778 876; x_wconf 79' lang='lat' dir='ltr'><strong>faciunt,</strong></span> <span class='ocrx_word' id='word_1_29' title='bbox 805 791 919 857; x_wconf 78' lang='lat' dir='ltr'><strong>icti</strong></span> <span class='ocrx_word' id='word_1_30' title='bbox 936 778 1229 856; x_wconf 79' lang='lat' dir='ltr'><strong>flammas</strong></span> <span class='ocrx_word' id='word_1_31' title='bbox 1250 799 1325 851; x_wconf 88' lang='lat' dir='ltr'><strong>ut</strong></span> <span class='ocrx_word' id='word_1_32' title='bbox 1346 788 1628 877; x_wconf 78' lang='lat' dir='ltr'><strong>fulguris</strong></span> <span class='ocrx_word' id='word_1_33' title='bbox 1651 792 1882 855; x_wconf 75' lang='lat' dir='ltr'><strong>halent</strong></span> 
     </span>
    </p>

    <p class='ocr_par' dir='ltr' id='par_1_3' title="bbox 337 896 1904 984">
     <span class='ocr_line' id='line_1_5' title="bbox 337 896 1904 984; baseline 0.003 -21"><span class='ocrx_word' id='word_1_34' title='bbox 337 903 608 965; x_wconf 80' lang='lat' dir='ltr'>Pectore</span> <span class='ocrx_word' id='word_1_35' title='bbox 630 899 883 984; x_wconf 74' lang='lat' dir='ltr'><strong>pen-fixo</strong></span> <span class='ocrx_word' id='word_1_36' title='bbox 896 945 915 982; x_wconf 88' lang='lat'>‚</span> <span class='ocrx_word' id='word_1_37' title='bbox 940 899 1268 963; x_wconf 81' lang='lat' dir='ltr'><strong>documen</strong></span> <span class='ocrx_word' id='word_1_38' title='bbox 1286 896 1680 963; x_wconf 69' lang='lat' dir='ltr'><strong>mortalibus</strong></span> <span class='ocrx_word' id='word_1_39' title='bbox 1704 916 1854 963; x_wconf 76' lang='lat' dir='ltr'><strong>aere</strong></span> <span class='ocrx_word' id='word_1_40' title='bbox 1871 900 1904 967; x_wconf 68' lang='grc' dir='ltr'>Ρ</span> 
     </span>
    </p>

    <p class='ocr_par' dir='ltr' id='par_1_4' title="bbox 338 997 1803 1087">
     <span class='ocr_line' id='line_1_6' title="bbox 338 997 1803 1087; baseline -0.002 -20"><span class='ocrx_word' id='word_1_41' title='bbox 338 1004 420 1067; x_wconf 86' lang='lat' dir='ltr'><strong>Et</strong></span> <span class='ocrx_word' id='word_1_42' title='bbox 443 1004 661 1087; x_wconf 86' lang='lat' dir='ltr'><strong>potius</strong></span> <span class='ocrx_word' id='word_1_43' title='bbox 675 1051 694 1086; x_wconf 88' lang='lat'>,</span> <span class='ocrx_word' id='word_1_44' title='bbox 718 1005 902 1067; x_wconf 74' lang='lat' dir='ltr'><strong>nulla</strong></span> <span class='ocrx_word' id='word_1_45' title='bbox 926 1002 1052 1065; x_wconf 87' lang='lat' dir='ltr'><strong>sibi</strong></span> <span class='ocrx_word' id='word_1_46' title='bbox 1082 998 1256 1083; x_wconf 84' lang='lat' dir='ltr'><strong>turpi</strong></span> <span class='ocrx_word' id='word_1_47' title='bbox 1277 997 1580 1063; x_wconf 77' lang='lat' dir='ltr'><strong>conscius</strong></span> <span class='ocrx_word' id='word_1_48' title='bbox 1599 998 1673 1061; x_wconf 87' lang='lat' dir='ltr'><strong>in</strong></span> <span class='ocrx_word' id='word_1_49' title='bbox 1696 1021 1803 1083; x_wconf 86' lang='lat' dir='ltr'><strong>re,</strong></span> 
     </span>
    </p>

    <p class='ocr_par' dir='ltr' id='par_1_5' title="bbox 340 1101 1994 1291">
     <span class='ocr_line' id='line_1_7' title="bbox 340 1101 1994 1189; baseline -0.003 -14"><span class='ocrx_word' id='word_1_50' title='bbox 340 1112 648 1175; x_wconf 79' lang='lat' dir='ltr'>Volvitur</span> <span class='ocrx_word' id='word_1_51' title='bbox 670 1109 744 1172; x_wconf 89' lang='lat' dir='ltr'><strong>in</strong></span> <span class='ocrx_word' id='word_1_52' title='bbox 771 1106 1051 1170; x_wconf 80' lang='lat' dir='ltr'><strong>flammis</strong></span> <span class='ocrx_word' id='word_1_53' title='bbox 1081 1102 1392 1167; x_wconf 82' lang='lat' dir='ltr'><strong>innoxius</strong></span> <span class='ocrx_word' id='word_1_54' title='bbox 1411 1148 1430 1183; x_wconf 92' lang='lat'>,</span> <span class='ocrx_word' id='word_1_55' title='bbox 1460 1101 1664 1182; x_wconf 86' lang='lat' dir='ltr'><strong>inque</strong></span> <span class='ocrx_word' id='word_1_56' title='bbox 1693 1104 1957 1187; x_wconf 81' lang='lat' dir='ltr'><strong>peditur</strong></span> <span class='ocrx_word' id='word_1_57' title='bbox 1973 1152 1994 1189; x_wconf 91' lang='lat'>,</span> 
     </span>
     <span class='ocr_line' id='line_1_8' title="bbox 340 1204 1830 1291; baseline -0.005 -15"><span class='ocrx_word' id='word_1_58' title='bbox 340 1213 635 1276; x_wconf 77' lang='lat' dir='ltr'>Turbine</span> <span class='ocrx_word' id='word_1_59' title='bbox 660 1209 923 1273; x_wconf 84' lang='lat' dir='ltr'><strong>coelesti</strong></span> <span class='ocrx_word' id='word_1_60' title='bbox 948 1207 1165 1272; x_wconf 88' lang='lat' dir='ltr'><strong>subito</strong></span> <span class='ocrx_word' id='word_1_61' title='bbox 1190 1214 1537 1288; x_wconf 85' lang='lat' dir='ltr'><strong>eonreptus</strong></span> <span class='ocrx_word' id='word_1_62' title='bbox 1561 1214 1623 1267; x_wconf 88' lang='lat' dir='ltr'><strong>et</strong></span> <span class='ocrx_word' id='word_1_63' title='bbox 1648 1204 1830 1291; x_wconf 75' lang='lat' dir='ltr'><strong>igni?</strong></span> 
     </span>
    </p>

    <p class='ocr_par' dir='ltr' id='par_1_6' title="bbox 338 1300 2170 1714">
     <span class='ocr_line' id='line_1_9' title="bbox 388 1300 2148 1394; baseline -0.002 -15"><span class='ocrx_word' id='word_1_64' title='bbox 388 1316 395 1321; x_wconf 82' lang='grc'><em>“</em></span> <span class='ocrx_word' id='word_1_65' title='bbox 420 1320 553 1379; x_wconf 86' lang='lat' dir='ltr'><strong>Cur</strong></span> <span class='ocrx_word' id='word_1_66' title='bbox 575 1314 769 1378; x_wconf 78' lang='lat' dir='ltr'><strong>etiam</strong></span> <span class='ocrx_word' id='word_1_67' title='bbox 792 1300 935 1375; x_wconf 78' lang='lat' dir='ltr'><strong>l&#39;oea</strong></span> <span class='ocrx_word' id='word_1_68' title='bbox 954 1315 1094 1375; x_wconf 80' lang='lat' dir='ltr'><strong>sola</strong></span> <span class='ocrx_word' id='word_1_69' title='bbox 1118 1319 1379 1394; x_wconf 88' lang='lat' dir='ltr'><strong>petunt,</strong></span> <span class='ocrx_word' id='word_1_70' title='bbox 1402 1311 1776 1391; x_wconf 75' lang='lat' dir='ltr'><strong>frustraque</strong></span> <span class='ocrx_word' id='word_1_71' title='bbox 1799 1313 2148 1377; x_wconf 72' lang='lat' dir='ltr'><strong>laborant?</strong></span> 
     </span>
     <span class='ocr_line' id='line_1_10' title="bbox 339 1413 2170 1497; baseline -0.002 -12"><span class='ocrx_word' id='word_1_72' title='bbox 339 1424 442 1485; x_wconf 81' lang='lat' dir='ltr'><strong>An</strong></span> <span class='ocrx_word' id='word_1_73' title='bbox 471 1428 610 1483; x_wconf 86' lang='lat' dir='ltr'><strong>tum</strong></span> <span class='ocrx_word' id='word_1_74' title='bbox 638 1416 909 1483; x_wconf 72' lang='lat' dir='ltr'><strong>brachia</strong></span> <span class='ocrx_word' id='word_1_75' title='bbox 936 1424 1405 1497; x_wconf 82' lang='lat' dir='ltr'><strong>consuescunt,</strong></span> <span class='ocrx_word' id='word_1_76' title='bbox 1435 1413 1831 1497; x_wconf 74' lang='lat' dir='ltr'><strong>firmantque</strong></span> <span class='ocrx_word' id='word_1_77' title='bbox 1849 1418 2170 1483; x_wconf 79' lang='lat' dir='ltr'><strong>lacertos?</strong></span> 
     </span>
     <span class='ocr_line' id='line_1_11' title="bbox 338 1521 1822 1605; baseline -0.003 -16"><span class='ocrx_word' id='word_1_78' title='bbox 338 1528 417 1589; x_wconf 91' lang='lat' dir='ltr'><strong>In</strong></span> <span class='ocrx_word' id='word_1_79' title='bbox 444 1535 745 1605; x_wconf 78' lang='lat' dir='ltr'><strong>terraque</strong></span> <span class='ocrx_word' id='word_1_80' title='bbox 768 1522 977 1587; x_wconf 84' lang='lat' dir='ltr'><strong>Patris</strong></span> <span class='ocrx_word' id='word_1_81' title='bbox 995 1542 1114 1585; x_wconf 84' lang='lat' dir='ltr'><strong>eur</strong></span> <span class='ocrx_word' id='word_1_82' title='bbox 1136 1522 1342 1587; x_wconf 83' lang='lat' dir='ltr'><strong>telum</strong></span> <span class='ocrx_word' id='word_1_83' title='bbox 1365 1521 1822 1605; x_wconf 85' lang='lat' dir='ltr'><strong>perpetiuntur</strong></span> 
     </span>
     <span class='ocr_line' id='line_1_12' title="bbox 344 1627 2085 1714; baseline -0.002 -17"><span class='ocrx_word' id='word_1_84' title='bbox 344 1632 681 1697; x_wconf 81' lang='lat' dir='ltr'><strong>Obtundi?</strong></span> <span class='ocrx_word' id='word_1_85' title='bbox 708 1650 829 1695; x_wconf 86' lang='lat' dir='ltr'><strong>eur</strong></span> <span class='ocrx_word' id='word_1_86' title='bbox 846 1628 991 1714; x_wconf 82' lang='lat' dir='ltr'><strong>ipse</strong></span> <span class='ocrx_word' id='word_1_87' title='bbox 1012 1629 1199 1712; x_wconf 83' lang='lat' dir='ltr'><strong>sinit,</strong></span> <span class='ocrx_word' id='word_1_88' title='bbox 1224 1648 1439 1711; x_wconf 85' lang='lat' dir='ltr'><strong>neque</strong></span> <span class='ocrx_word' id='word_1_89' title='bbox 1466 1629 1678 1713; x_wconf 71' lang='lat' dir='ltr'><strong>parcit</strong></span> <span class='ocrx_word' id='word_1_90' title='bbox 1698 1627 1770 1691; x_wconf 91' lang='lat' dir='ltr'><strong>in</strong></span> <span class='ocrx_word' id='word_1_91' title='bbox 1795 1628 2036 1695; x_wconf 80' lang='lat' dir='ltr'><strong>hosteis</strong></span> <span class='ocrx_word' id='word_1_92' title='bbox 2052 1630 2085 1693; x_wconf 66' lang='grc' dir='ltr'><strong>ἰ’</strong></span> 
     </span>
    </p>

    <p class='ocr_par' dir='ltr' id='par_1_7' title="bbox 326 1732 2252 3812">
     <span class='ocr_line' id='line_1_13' title="bbox 419 1732 2167 1819; baseline -0.001 -21"><span class='ocrx_word' id='word_1_93' title='bbox 419 1736 756 1819; x_wconf 84' lang='lat' dir='ltr'><strong>Denique,</strong></span> <span class='ocrx_word' id='word_1_94' title='bbox 778 1755 897 1799; x_wconf 87' lang='lat' dir='ltr'><strong>eur</strong></span> <span class='ocrx_word' id='word_1_95' title='bbox 920 1752 1259 1815; x_wconf 77' lang='lat' dir='ltr'><strong>nunquam</strong></span> <span class='ocrx_word' id='word_1_96' title='bbox 1288 1734 1473 1797; x_wconf 83' lang='lat' dir='ltr'><strong>coelo</strong></span> <span class='ocrx_word' id='word_1_97' title='bbox 1498 1732 1651 1795; x_wconf 78' lang='lat' dir='ltr'><strong>iacit</strong></span> <span class='ocrx_word' id='word_1_98' title='bbox 1675 1734 1969 1814; x_wconf 81' lang='lat' dir='ltr'><strong>undique</strong></span> <span class='ocrx_word' id='word_1_99' title='bbox 1996 1750 2167 1817; x_wconf 87' lang='lat' dir='ltr'><strong>puro</strong></span> 
     </span>
     <span class='ocr_line' id='line_1_14' title="bbox 337 1841 2052 1929; baseline -0.001 -22"><span class='ocrx_word' id='word_1_100' title='bbox 337 1844 590 1929; x_wconf 84' lang='lat' dir='ltr'><strong>Iupiter</strong></span> <span class='ocrx_word' id='word_1_101' title='bbox 623 1844 693 1906; x_wconf 83' lang='lat' dir='ltr'><strong>in</strong></span> <span class='ocrx_word' id='word_1_102' title='bbox 725 1854 926 1907; x_wconf 81' lang='lat' dir='ltr'><strong>terras</strong></span> <span class='ocrx_word' id='word_1_103' title='bbox 953 1842 1233 1925; x_wconf 84' lang='lat' dir='ltr'><strong>fulmen,</strong></span> <span class='ocrx_word' id='word_1_104' title='bbox 1259 1841 1640 1922; x_wconf 79' lang='lat' dir='ltr'><strong>sonitusque</strong></span> <span class='ocrx_word' id='word_1_105' title='bbox 1665 1841 2052 1924; x_wconf 73' lang='lat' dir='ltr'>profundit?</span> 
     </span>
     <span class='ocr_line' id='line_1_15' title="bbox 340 1945 2058 2028; baseline 0.001 -20"><span class='ocrx_word' id='word_1_106' title='bbox 340 1947 478 2028; x_wconf 80' lang='lat' dir='ltr'><strong>An,</strong></span> <span class='ocrx_word' id='word_1_107' title='bbox 508 1948 709 2016; x_wconf 84' lang='lat' dir='ltr'><strong>simul</strong></span> <span class='ocrx_word' id='word_1_108' title='bbox 733 1964 811 2011; x_wconf 75' lang='lat' dir='ltr'><strong>ae</strong></span> <span class='ocrx_word' id='word_1_109' title='bbox 842 1948 1051 2009; x_wconf 84' lang='lat' dir='ltr'><strong>nubes</strong></span> <span class='ocrx_word' id='word_1_110' title='bbox 1074 1964 1473 2028; x_wconf 78' lang='lat' dir='ltr'><strong>successere,</strong></span> <span class='ocrx_word' id='word_1_111' title='bbox 1494 1945 1678 2028; x_wconf 79' lang='lat' dir='ltr'><strong>ipsus</strong></span> <span class='ocrx_word' id='word_1_112' title='bbox 1703 1946 1776 2009; x_wconf 91' lang='lat' dir='ltr'><strong>in</strong></span> <span class='ocrx_word' id='word_1_113' title='bbox 1804 1957 2058 2011; x_wconf 79' lang='lat' dir='ltr'><strong>aestum</strong></span> 
     </span>
     <span class='ocr_line' id='line_1_16' title="bbox 339 2046 2015 2133; baseline 0.002 -22"><span class='ocrx_word' id='word_1_114' title='bbox 339 2050 727 2132; x_wconf 70' lang='lat' dir='ltr'><strong>Descendit,</strong></span> <span class='ocrx_word' id='word_1_115' title='bbox 748 2068 957 2133; x_wconf 81' lang='lat' dir='ltr'>prope</span> <span class='ocrx_word' id='word_1_116' title='bbox 980 2056 1054 2111; x_wconf 89' lang='lat' dir='ltr'><strong>ut</strong></span> <span class='ocrx_word' id='word_1_117' title='bbox 1073 2048 1233 2110; x_wconf 88' lang='lat' dir='ltr'><strong>hine</strong></span> <span class='ocrx_word' id='word_1_118' title='bbox 1254 2046 1367 2111; x_wconf 87' lang='lat' dir='ltr'><strong>teli</strong></span> <span class='ocrx_word' id='word_1_119' title='bbox 1390 2048 1780 2111; x_wconf 79' lang='lat' dir='ltr'><strong>determinet</strong></span> <span class='ocrx_word' id='word_1_120' title='bbox 1808 2049 2015 2115; x_wconf 73' lang='lat' dir='ltr'><strong>ictus?</strong></span> 
     </span>
     <span class='ocr_line' id='line_1_17' title="bbox 338 2150 2252 2235; baseline 0.004 -22"><span class='ocrx_word' id='word_1_121' title='bbox 338 2152 417 2214; x_wconf 89' lang='lat' dir='ltr'><strong>In</strong></span> <span class='ocrx_word' id='word_1_122' title='bbox 440 2172 621 2213; x_wconf 85' lang='lat' dir='ltr'><strong>mare</strong></span> <span class='ocrx_word' id='word_1_123' title='bbox 646 2170 778 2232; x_wconf 80' lang='lat' dir='ltr'><strong>qua</strong></span> <span class='ocrx_word' id='word_1_124' title='bbox 801 2170 1000 2234; x_wconf 85' lang='lat' dir='ltr'><strong>porro</strong></span> <span class='ocrx_word' id='word_1_125' title='bbox 1021 2150 1218 2214; x_wconf 87' lang='lat' dir='ltr'><strong>mittit</strong></span> <span class='ocrx_word' id='word_1_126' title='bbox 1238 2152 1533 2218; x_wconf 80' lang='lat' dir='ltr'><strong>ratione?</strong></span> <span class='ocrx_word' id='word_1_127' title='bbox 1558 2152 1720 2232; x_wconf 86' lang='lat' dir='ltr'><strong>quid</strong></span> <span class='ocrx_word' id='word_1_128' title='bbox 1741 2156 1950 2219; x_wconf 79' lang='lat' dir='ltr'><strong>undas</strong></span> <span class='ocrx_word' id='word_1_129' title='bbox 2129 2166 2252 2235; x_wconf 62' lang='lat'><strong>404</strong></span> 
     </span>
     <span class='ocr_line' id='line_1_18' title="bbox 339 2256 2150 2343; baseline 0.004 -22"><span class='ocrx_word' id='word_1_130' title='bbox 339 2256 606 2343; x_wconf 79' lang='lat' dir='ltr'><strong>Arguit‚</strong></span> <span class='ocrx_word' id='word_1_131' title='bbox 633 2264 702 2317; x_wconf 77' lang='lat' dir='ltr'><strong>et</strong></span> <span class='ocrx_word' id='word_1_132' title='bbox 718 2256 1040 2336; x_wconf 75' lang='lat' dir='ltr'><strong>liquidam</strong></span> <span class='ocrx_word' id='word_1_133' title='bbox 1067 2258 1345 2339; x_wconf 85' lang='lat' dir='ltr'><strong>molem,</strong></span> <span class='ocrx_word' id='word_1_134' title='bbox 1372 2262 1770 2341; x_wconf 80' lang='lat' dir='ltr'><strong>camposque</strong></span> <span class='ocrx_word' id='word_1_135' title='bbox 1791 2262 2150 2327; x_wconf 76' lang='lat' dir='ltr'><strong>mtanteisi&#39;</strong></span> 
     </span>
     <span class='ocr_line' id='line_1_19' title="bbox 420 2360 2007 2451; baseline 0.003 -25"><span class='ocrx_word' id='word_1_136' title='bbox 420 2365 793 2441; x_wconf 75' lang='lat' dir='ltr'><strong>Praeterea,</strong></span> <span class='ocrx_word' id='word_1_137' title='bbox 818 2360 874 2425; x_wconf 85' lang='lat' dir='ltr'><strong>si</strong></span> <span class='ocrx_word' id='word_1_138' title='bbox 898 2362 1039 2425; x_wconf 78' lang='lat' dir='ltr'><strong>volt</strong></span> <span class='ocrx_word' id='word_1_139' title='bbox 1067 2382 1414 2440; x_wconf 79' lang='lat' dir='ltr'><strong>caveamus</strong></span> <span class='ocrx_word' id='word_1_140' title='bbox 1446 2362 1748 2431; x_wconf 80' lang='lat' dir='ltr'><strong>fulminis</strong></span> <span class='ocrx_word' id='word_1_141' title='bbox 1771 2364 2007 2451; x_wconf 84' lang='lat' dir='ltr'><strong>ictum,</strong></span> 
     </span>
     <span class='ocr_line' id='line_1_20' title="bbox 326 2467 2101 2564; baseline 0.002 -32"><span class='ocrx_word' id='word_1_142' title='bbox 326 2469 477 2532; x_wconf 67' lang='lat' dir='ltr'><strong>,Cur</strong></span> <span class='ocrx_word' id='word_1_143' title='bbox 499 2467 755 2531; x_wconf 83' lang='lat' dir='ltr'><strong>dubitat</strong></span> <span class='ocrx_word' id='word_1_144' title='bbox 777 2467 1020 2551; x_wconf 71' lang='lat' dir='ltr'><strong>faeere,</strong></span> <span class='ocrx_word' id='word_1_145' title='bbox 1048 2478 1121 2534; x_wconf 74' lang='lat' dir='ltr'><strong>ut</strong></span> <span class='ocrx_word' id='word_1_146' title='bbox 1148 2470 1473 2552; x_wconf 88' lang='lat' dir='ltr'><strong>possimus</strong></span> <span class='ocrx_word' id='word_1_147' title='bbox 1495 2492 1766 2564; x_wconf 83' lang='lat' dir='ltr'><strong>eernere</strong></span> <span class='ocrx_word' id='word_1_148' title='bbox 1789 2473 2101 2539; x_wconf 78' lang='lat' dir='ltr'><strong>missum?</strong></span> 
     </span>
     <span class='ocr_line' id='line_1_21' title="bbox 341 2572 1962 2661; baseline 0.002 -27"><span class='ocrx_word' id='word_1_149' title='bbox 341 2572 407 2634; x_wconf 90' lang='lat' dir='ltr'><strong>Si</strong></span> <span class='ocrx_word' id='word_1_150' title='bbox 440 2592 561 2636; x_wconf 88' lang='lat' dir='ltr'><strong>nec</strong></span> <span class='ocrx_word' id='word_1_151' title='bbox 589 2573 959 2661; x_wconf 82' lang='lat' dir='ltr'><strong>opinanteis</strong></span> <span class='ocrx_word' id='word_1_152' title='bbox 978 2583 1196 2635; x_wconf 81' lang='lat' dir='ltr'><strong>autem</strong></span> <span class='ocrx_word' id='word_1_153' title='bbox 1220 2575 1363 2636; x_wconf 82' lang='lat' dir='ltr'><strong>volt</strong></span> <span class='ocrx_word' id='word_1_154' title='bbox 1378 2575 1756 2654; x_wconf 81' lang='lat' dir='ltr'><strong>opprimere</strong></span> <span class='ocrx_word' id='word_1_155' title='bbox 1773 2575 1962 2658; x_wconf 83' lang='lat' dir='ltr'><strong>igni,-</strong></span> 
     </span>
     <span class='ocr_line' id='line_1_22' title="bbox 342 2676 1862 2760; baseline -0.002 -20"><span class='ocrx_word' id='word_1_156' title='bbox 342 2677 476 2740; x_wconf 83' lang='lat' dir='ltr'><strong>Cur</strong></span> <span class='ocrx_word' id='word_1_157' title='bbox 497 2690 677 2742; x_wconf 78' lang='lat' dir='ltr'><strong>tonat</strong></span> <span class='ocrx_word' id='word_1_158' title='bbox 700 2699 781 2742; x_wconf 83' lang='lat' dir='ltr'><strong>ex</strong></span> <span class='ocrx_word' id='word_1_159' title='bbox 799 2679 917 2744; x_wconf 86' lang='lat' dir='ltr'><strong>iua</strong></span> <span class='ocrx_word' id='word_1_160' title='bbox 936 2689 1151 2760; x_wconf 83' lang='lat' dir='ltr'><strong>parte,</strong></span> <span class='ocrx_word' id='word_1_161' title='bbox 1182 2687 1257 2738; x_wconf 88' lang='lat' dir='ltr'><strong>ut</strong></span> <span class='ocrx_word' id='word_1_162' title='bbox 1274 2676 1481 2738; x_wconf 79' lang='lat' dir='ltr'><strong>vitare</strong></span> <span class='ocrx_word' id='word_1_163' title='bbox 1502 2695 1819 2755; x_wconf 82' lang='lat' dir='ltr'><strong>queamus</strong></span> <span class='ocrx_word' id='word_1_164' title='bbox 1831 2679 1862 2737; x_wconf 70' lang='grc' dir='ltr'>Ρ</span> 
     </span>
     <span class='ocr_line' id='line_1_23' title="bbox 343 2779 2230 2864; baseline 0.002 -20"><span class='ocrx_word' id='word_1_165' title='bbox 343 2785 479 2844; x_wconf 88' lang='lat' dir='ltr'><strong>Cur</strong></span> <span class='ocrx_word' id='word_1_166' title='bbox 510 2787 806 2847; x_wconf 79' lang='lat' dir='ltr'><strong>tenebras</strong></span> <span class='ocrx_word' id='word_1_167' title='bbox 827 2792 1008 2861; x_wconf 85' lang='lat' dir='ltr'><strong>ante,</strong></span> <span class='ocrx_word' id='word_1_168' title='bbox 1040 2790 1104 2843; x_wconf 90' lang='lat' dir='ltr'><strong>et</strong></span> <span class='ocrx_word' id='word_1_169' title='bbox 1124 2779 1456 2860; x_wconf 81' lang='lat' dir='ltr'><strong>fremitus,</strong></span> <span class='ocrx_word' id='word_1_170' title='bbox 1478 2788 1545 2842; x_wconf 87' lang='lat' dir='ltr'><strong>et</strong></span> <span class='ocrx_word' id='word_1_171' title='bbox 1567 2799 1942 2864; x_wconf 80' lang='lat' dir='ltr'><strong>murmura,</strong></span> <span class='ocrx_word' id='word_1_172' title='bbox 1965 2783 2230 2850; x_wconf 69' lang='lat' dir='ltr'><strong>conciti·</strong></span> 
     </span>
     <span class='ocr_line' id='line_1_24' title="bbox 422 2881 2008 2972; baseline 0.002 -22"><span class='ocrx_word' id='word_1_173' title='bbox 422 2891 501 2950; x_wconf 90' lang='lat' dir='ltr'><strong>Et</strong></span> <span class='ocrx_word' id='word_1_174' title='bbox 521 2891 719 2954; x_wconf 83' lang='lat' dir='ltr'><strong>simul</strong></span> <span class='ocrx_word' id='word_1_175' title='bbox 745 2889 819 2951; x_wconf 84' lang='lat' dir='ltr'><strong>in</strong></span> <span class='ocrx_word' id='word_1_176' title='bbox 839 2890 1076 2952; x_wconf 78' lang='lat' dir='ltr'><strong>multas</strong></span> <span class='ocrx_word' id='word_1_177' title='bbox 1102 2888 1343 2972; x_wconf 84' lang='lat' dir='ltr'><strong>parteis</strong></span> <span class='ocrx_word' id='word_1_178' title='bbox 1368 2881 1485 2968; x_wconf 82' lang='lat' dir='ltr'><strong>qui</strong></span> <span class='ocrx_word' id='word_1_179' title='bbox 1512 2889 1778 2952; x_wconf 80' lang='lat' dir='ltr'><strong>credere</strong></span> <span class='ocrx_word' id='word_1_180' title='bbox 1803 2890 2008 2972; x_wconf 85' lang='lat' dir='ltr'><strong>possis</strong></span> 
     </span>
     <span class='ocr_line' id='line_1_25' title="bbox 342 2981 2178 3077; baseline 0.002 -25"><span class='ocrx_word' id='word_1_181' title='bbox 342 2988 642 3052; x_wconf 74' lang='lat' dir='ltr'><strong>Mittere?</strong></span> <span class='ocrx_word' id='word_1_182' title='bbox 658 3011 745 3052; x_wconf 82' lang='lat' dir='ltr'><strong>an</strong></span> <span class='ocrx_word' id='word_1_183' title='bbox 772 2993 899 3052; x_wconf 91' lang='lat' dir='ltr'><strong>hoc</strong></span> <span class='ocrx_word' id='word_1_184' title='bbox 921 2992 1091 3054; x_wconf 84' lang='lat' dir='ltr'><strong>ausis</strong></span> <span class='ocrx_word' id='word_1_185' title='bbox 1118 3011 1457 3070; x_wconf 85' lang='lat' dir='ltr'><strong>nunquam</strong></span> <span class='ocrx_word' id='word_1_186' title='bbox 1483 2993 1877 3056; x_wconf 85' lang='lat' dir='ltr'><strong>contendere</strong></span> <span class='ocrx_word' id='word_1_187' title='bbox 1901 2981 2178 3077; x_wconf 77' lang='lat' dir='ltr'><strong>facturn,</strong></span> 
     </span>
     <span class='ocr_line' id='line_1_26' title="bbox 344 3095 1782 3180; baseline 0.002 -24"><span class='ocrx_word' id='word_1_188' title='bbox 344 3098 430 3157; x_wconf 84' lang='lat' dir='ltr'><strong>Ut</strong></span> <span class='ocrx_word' id='word_1_189' title='bbox 452 3095 681 3158; x_wconf 88' lang='lat' dir='ltr'><strong>fierent</strong></span> <span class='ocrx_word' id='word_1_190' title='bbox 702 3095 868 3159; x_wconf 85' lang='lat' dir='ltr'><strong>ictus</strong></span> <span class='ocrx_word' id='word_1_191' title='bbox 892 3117 1027 3160; x_wconf 91' lang='lat' dir='ltr'><strong>uno</strong></span> <span class='ocrx_word' id='word_1_192' title='bbox 1049 3100 1173 3160; x_wconf 87' lang='lat' dir='ltr'><strong>suh</strong></span> <span class='ocrx_word' id='word_1_193' title='bbox 1196 3107 1495 3180; x_wconf 83' lang='lat' dir='ltr'><strong>tempore</strong></span> <span class='ocrx_word' id='word_1_194' title='bbox 1519 3099 1782 3180; x_wconf 79' lang='lat' dir='ltr'><strong>plures?</strong></span> 
     </span>
     <span class='ocr_line' id='line_1_27' title="bbox 346 3191 2107 3288; baseline 0.003 -29"><span class='ocrx_word' id='word_1_195' title='bbox 346 3203 425 3259; x_wconf 89' lang='lat' dir='ltr'><strong>At</strong></span> <span class='ocrx_word' id='word_1_196' title='bbox 446 3217 648 3288; x_wconf 56' lang='lat' dir='ltr'><strong>saepe⁸</strong></span> <span class='ocrx_word' id='word_1_197' title='bbox 668 3209 761 3261; x_wconf 88' lang='lat' dir='ltr'><strong>est</strong></span> <span class='ocrx_word' id='word_1_198' title='bbox 784 3220 1073 3266; x_wconf 72' lang='lat' dir='ltr'><strong>numero,</strong></span> <span class='ocrx_word' id='word_1_199' title='bbox 1088 3201 1331 3262; x_wconf 81' lang='lat' dir='ltr'><strong>factum</strong></span> <span class='ocrx_word' id='word_1_200' title='bbox 1347 3245 1367 3281; x_wconf 90' lang='lat'>‚</span> <span class='ocrx_word' id='word_1_201' title='bbox 1391 3198 1668 3280; x_wconf 87' lang='lat' dir='ltr'><strong>fierique</strong></span> <span class='ocrx_word' id='word_1_202' title='bbox 1693 3191 1954 3264; x_wconf 81' lang='lat' dir='ltr'><strong>neeesse</strong></span> <span class='ocrx_word' id='word_1_203' title='bbox 1977 3211 2107 3284; x_wconf 87' lang='lat' dir='ltr'><strong>est,</strong></span> 
     </span>
     <span class='ocr_line' id='line_1_28' title="bbox 346 3299 2136 3390; baseline 0.004 -29"><span class='ocrx_word' id='word_1_204' title='bbox 346 3303 431 3361; x_wconf 86' lang='lat' dir='ltr'><strong>Ut</strong></span> <span class='ocrx_word' id='word_1_205' title='bbox 455 3301 683 3382; x_wconf 88' lang='lat' dir='ltr'><strong>pluere</strong></span> <span class='ocrx_word' id='word_1_206' title='bbox 703 3299 771 3362; x_wconf 88' lang='lat' dir='ltr'><strong>in</strong></span> <span class='ocrx_word' id='word_1_207' title='bbox 792 3300 1022 3364; x_wconf 86' lang='lat' dir='ltr'><strong>multis</strong></span> <span class='ocrx_word' id='word_1_208' title='bbox 1049 3301 1461 3388; x_wconf 85' lang='lat' dir='ltr'><strong>regionibus,</strong></span> <span class='ocrx_word' id='word_1_209' title='bbox 1488 3312 1554 3364; x_wconf 91' lang='lat' dir='ltr'><strong>et</strong></span> <span class='ocrx_word' id='word_1_210' title='bbox 1574 3303 1807 3366; x_wconf 80' lang='lat' dir='ltr'><strong>cadere</strong></span> <span class='ocrx_word' id='word_1_211' title='bbox 1835 3303 2136 3390; x_wconf 82' lang='lat' dir='ltr'><strong>imbreis,</strong></span> 
     </span>
     <span class='ocr_line' id='line_1_29' title="bbox 344 3405 1868 3491; baseline 0.004 -25"><span class='ocrx_word' id='word_1_212' title='bbox 344 3405 650 3468; x_wconf 83' lang='lat' dir='ltr'><strong>Fulmina</strong></span> <span class='ocrx_word' id='word_1_213' title='bbox 667 3407 761 3470; x_wconf 86' lang='lat' dir='ltr'><strong>sie</strong></span> <span class='ocrx_word' id='word_1_214' title='bbox 781 3428 917 3470; x_wconf 89' lang='lat' dir='ltr'><strong>uno</strong></span> <span class='ocrx_word' id='word_1_215' title='bbox 944 3406 1086 3470; x_wconf 85' lang='lat' dir='ltr'><strong>fieri</strong></span> <span class='ocrx_word' id='word_1_216' title='bbox 1103 3410 1227 3472; x_wconf 86' lang='lat' dir='ltr'><strong>suh</strong></span> <span class='ocrx_word' id='word_1_217' title='bbox 1252 3417 1546 3491; x_wconf 86' lang='lat' dir='ltr'><strong>tempore</strong></span> <span class='ocrx_word' id='word_1_218' title='bbox 1569 3411 1795 3472; x_wconf 83' lang='lat' dir='ltr'><strong>multa.</strong></span> <span class='ocrx_word' id='word_1_219' title='bbox 1861 3425 1868 3430; x_wconf 79' lang='grc'><strong><em>’</em></strong></span> 
     </span>
     <span class='ocr_line' id='line_1_30' title="bbox 427 3513 2054 3599; baseline 0.001 -21"><span class='ocrx_word' id='word_1_220' title='bbox 427 3515 793 3599; x_wconf 86' lang='lat' dir='ltr'><strong>Postremo,</strong></span> <span class='ocrx_word' id='word_1_221' title='bbox 817 3539 938 3580; x_wconf 85' lang='lat' dir='ltr'><strong>eur</strong></span> <span class='ocrx_word' id='word_1_222' title='bbox 962 3526 1184 3582; x_wconf 82' lang='lat' dir='ltr'><strong>sancta</strong></span> <span class='ocrx_word' id='word_1_223' title='bbox 1206 3513 1419 3578; x_wconf 76' lang='lat' dir='ltr'><strong>Defim</strong></span> <span class='ocrx_word' id='word_1_224' title='bbox 1452 3517 1753 3597; x_wconf 86' lang='lat' dir='ltr'><strong>delubra,</strong></span> <span class='ocrx_word' id='word_1_225' title='bbox 1777 3533 2054 3596; x_wconf 80' lang='lat' dir='ltr'><strong>suasque</strong></span> 
     </span>
     <span class='ocr_line' id='line_1_31' title="bbox 349 3617 1876 3703; baseline -0.001 -22"><span class='ocrx_word' id='word_1_226' title='bbox 349 3619 623 3682; x_wconf 86' lang='lat' dir='ltr'><strong>Discutit</strong></span> <span class='ocrx_word' id='word_1_227' title='bbox 652 3618 892 3683; x_wconf 84' lang='lat' dir='ltr'><strong>infesto</strong></span> <span class='ocrx_word' id='word_1_228' title='bbox 914 3623 1280 3703; x_wconf 81' lang='lat' dir='ltr'><strong>praeclaras</strong></span> <span class='ocrx_word' id='word_1_229' title='bbox 1306 3617 1586 3680; x_wconf 77' lang='lat' dir='ltr'><strong>fulmine</strong></span> <span class='ocrx_word' id='word_1_230' title='bbox 1608 3618 1876 3680; x_wconf 78' lang='lat' dir='ltr'><strong>sedeis·</strong></span> <span class='ocrx_word' id='word_1_231' title='bbox 1829 3659 1876 3700; x_wconf 85' lang='grc'>,</span> 
     </span>
     <span class='ocr_line' id='line_1_32' title="bbox 352 3723 2021 3812; baseline 0.003 -27"><span class='ocrx_word' id='word_1_232' title='bbox 352 3727 429 3786; x_wconf 85' lang='lat' dir='ltr'><strong>Et</strong></span> <span class='ocrx_word' id='word_1_233' title='bbox 456 3725 621 3787; x_wconf 83' lang='lat' dir='ltr'><strong>hene</strong></span> <span class='ocrx_word' id='word_1_234' title='bbox 648 3725 817 3789; x_wconf 81' lang='lat' dir='ltr'><strong>faeta</strong></span> <span class='ocrx_word' id='word_1_235' title='bbox 846 3723 1059 3788; x_wconf 67' lang='lat' dir='ltr'><strong>Deum</strong></span> <span class='ocrx_word' id='word_1_236' title='bbox 1082 3724 1327 3812; x_wconf 77' lang='lat' dir='ltr'><strong>frangit</strong></span> <span class='ocrx_word' id='word_1_237' title='bbox 1358 3724 1706 3788; x_wconf 82' lang='lat' dir='ltr'><strong>simulacra</strong></span> <span class='ocrx_word' id='word_1_238' title='bbox 1719 3725 2021 3808; x_wconf 82' lang='lat' dir='ltr'><strong>,suisque</strong></span> 
     </span>
    </p>
   </div>
   <div class='ocr_carea' id='block_1_3' title="bbox 350 3829 2004 4003">
    <p class='ocr_par' dir='ltr' id='par_1_8' title="bbox 350 3829 2004 4003">
     <span class='ocr_line' id='line_1_33' title="bbox 350 3829 2004 3918; baseline 0.005 -26"><span class='ocrx_word' id='word_1_239' title='bbox 350 3829 569 3911; x_wconf 72' lang='lat' dir='ltr'><strong>Demit</strong></span> <span class='ocrx_word' id='word_1_240' title='bbox 588 3831 991 3918; x_wconf 77' lang='lat' dir='ltr'><strong>imaginibus</strong></span> <span class='ocrx_word' id='word_1_241' title='bbox 1011 3830 1303 3896; x_wconf 79' lang='lat' dir='ltr'><strong>violento</strong></span> <span class='ocrx_word' id='word_1_242' title='bbox 1320 3834 1595 3894; x_wconf 77' lang='lat' dir='ltr'><strong>volnere</strong></span> <span class='ocrx_word' id='word_1_243' title='bbox 1613 3832 1933 3895; x_wconf 82' lang='lat' dir='ltr'><strong>honorem</strong></span> <span class='ocrx_word' id='word_1_244' title='bbox 1950 3833 2004 3900; x_wconf 62' lang='grc' dir='ltr'><strong>ξ’.</strong></span> 
     </span>
     <span class='ocr_line' id='line_1_34' title="bbox 542 3932 1798 4003; baseline 0.015 -19"><span class='ocrx_word' id='word_1_245' title='bbox 542 3932 798 3991; x_wconf 76' lang='lat' dir='ltr'><strong>Lucretius.</strong></span> <span class='ocrx_word' id='word_1_246' title='bbox 1743 3956 1763 3991; x_wconf 84' lang='lat'>¹</span> <span class='ocrx_word' id='word_1_247' title='bbox 1775 3957 1798 4003; x_wconf 84' lang='lat'>5</span> 
     </span>
    </p>
   </div>
   <div class='ocr_carea' id='block_1_4' title="bbox 2109 2653 2132 2684">
    <p class='ocr_par' dir='ltr' id='par_1_9' title="bbox 2109 2653 2132 2684">
     <span class='ocr_line' id='line_1_35' title="bbox 2109 2653 2132 2684; baseline 0 0"><span class='ocrx_word' id='word_1_248' title='bbox 2109 2653 2132 2684; x_wconf 85' lang='grc' dir='ltr'><em>Ι</em></span> 
     </span>
    </p>
   </div>
  </div>
 </body>
</html>
