3117 5050
687 480 695 487 -
858 452 1282 525 Lmen
1356 456 1463 519 11.
1540 404 1788 539 v.'157.
2203 463 2284 544 47

370 600 602 689 Quom¹
626 587 747 685 per
768 598 971 666 inane
994 608 1217 669 meant
1232 620 1517 669 vacuum
1532 646 1553 683 ,
1596 620 1850 667 nec-res
1871 612 2240 684 remoratur

368 706 525 769 Ulla
560 705 745 787 foris,
776 713 973 786 atque
996 702 1139 787 ipsa
1154 748 1177 787 ,
1204 704 1337 771 suis
1360 726 1400 769 e
1433 705 1732 789 partibus
1757 728 2002 791 unum,

369 816 593 878 Unum
609 858 630 894 ,
658 811 733 875 iu
754 828 955 892 quem
973 829 1251 895 coepere
1268 813 1523 894 locum,
1556 812 1846 877 connixa
1874 814 2217 898 feruntur3

367 921 625 983 Debent
654 917 973 983 nimirum
999 918 1398 999 praecellere
1426 918 1833 1001 mobilitate,

367 1014 677 1088 Et‘multo
706 1023 899 1087 citius
922 1021 1119 1103 ferri,
1144 1040 1346 1102 quam
1374 1018 1632 1087 lumina
1663 1024 1862 1104 soli-13

236 1138 250 1153 '
366 1131 848 1213 Multiplexque
872 1124 1003 1191 loci
1020 1126 1307 1210 spatium
1336 1135 1776 1191 transcurrere
1799 1130 2034 1195 eodem

366 1239 723 1319 Tempore,
756 1253 891 1315 quo
912 1231 1069 1299 solis
1096 1232 1487 1317 pervolgant
1516 1231 1780 1316 fulgura
1805 1220 2102 1309 coelum:

367 1344 535 1403 Nam
562 1360 779 1419 neque
800 1336 1079 1401 consilio
1112 1336 1351 1397 dehent
1380 1334 1632 1397 tardata
1664 1335 1944 1415 morari,

366 1448 426 1507 N
430 1467 503 1508 cc
524 1440 876 1527 persectari
900 1439 1265 1523 primordia
1300 1437 1559 1524 singula
1601 1457 1936 1520 quaeque,

369 1552 457 1611 Ut
484 1540 787 1629 videant,
816 1566 947 1628 qua
974 1544 1269 1627 quidque
1292 1530 1559 1631 geratur
1579 1563 1734 1607 cum
1761 1545 2036 1610 ratione.

448 1656 533 1715 At
554 1653 825 1734 quidam
857 1660 1086 1715 contra
1112 1652 1308 1732 haec,
1338 1648 1585 1737 ignari,
1620 1652 1924 1715 materiai·

367 1764 857 1846 Naturamfnon
883 1780 1107 1843 posse,
1140 1758 1357 1823 Deum
1386 1759 1529 1823 sine
1556 1754 1860 1843 numine,
1893 1762 2084 1826 reddi

368 1870 739 1951 Tantopere
766 1864 1073 1929 humanis
1098 1863 1467 1928 rationibus
1500 1866 1956 1944 admoderate3

366 1974 697 2057 Tempora
725 1982 981 2037 mutare
1008 1990 1335 2033 annorum
1348 2015 1369 2051 ,
1392 1970 1749 2056 frugesque
1777 1984 2036 2049 creare3

367 2078 447 2139 Et
465 2075 601 2139 iam
628 2072 875 2158 cetera,
906 2073 1241 2138 mortaleis
1266 2091 1436 2152 quae
1460 2074 1692 2134 suadet
1709 2072 1894 2135 adire
1913 2118 1935 2155 ‚

366 2178 647 2263 Ipsaque
670 2178 963 2260 deducit,
992 2179 1128 2243 dux
1148 2176 1355 2274 vitae,
1390 2174 1501 2239 dia
1530 2174 1882 2257 Voluptas,
2156 2200 2268 2262 172

368 2285 455 2346 Ut
480 2304 582 2347 res
608 2302 729 2366 per
758 2279 1030 2347 Veneris
1052 2278 1403 2343 blanditim
1426 2278 1600 2341 secla
1616 2287 2016 2365 propagent,

368 2388 464 2450 Ne
494 2408 701 2473 genus
732 2386 989 2451 occidat
1017 2387 1423 2449 humanum:
1452 2402 1738 2465 quorum
1759 2384 1984 2449 omnia
2013 2408 2209 2457 causa

369 2494 785 2559 Constituisse
805 2496 979 2558 Deos
996 2512 1202 2576 quom
1222 2490 1517 2581 fingunt,
1554 2490 1848 2556 omnihu’
1881 2495 2080 2560 rebus

366 2603 769 2688 Magnopere
802 2623 842 2664 a
865 2621 1024 2666 vera
1049 2600 1217 2685 lapsi
1248 2599 1504 2662 ratione
1536 2598 1867 2663 videntur.

366 2711 533 2772 Nam
550 2757 569 2791 ,
594 2708 895 2792 quamvis
918 2711 1141 2772 forum
1161 2706 1461 2792 ignorem
1479 2703 1842 2786 primordia
1861 2724 2029 2784 quae
2045 2705 2209 2792 sint,
2223 2715 2242 2732 χ

366 2815 513 2879 Hoc
537 2827 757 2880 tamen
790 2837 870 2879 ex
904 2811 1063 2896 ipsis
1092 2810 1263 2876 coeli
1284 2809 1650 2873 rationibus
1685 2807 1900 2872 ausim

369 2919 771 2986 confirmare
784 2964 804 3000 ,
836 2917 1114 2998 aliisque
1130 2916 1429 3002 exrcbus
1456 2913 1736 2978 reddere
1761 2912 1986 2976 multis
2002 2959 2023 2995 ,

365 3027 793 3110 Nequaquam
824 3027 1016 3090 nobis
1040 3023 1357 3086 divinitus
1384 3043 1523 3086 esse
1544 3033 1831 3085 creatam

368 3133 679 3194 Naturam
708 3129 978 3194 mundi:
1007 3145 1409 3210 quamquam
1431 3129 1596 3188 haec
1615 3127 1748 3188 siut
1779 3122 2076 3206 praedita

1416 3235 1650 3314 culpa3

368 3345 558 3426 Quae
576 3339 697 3404 tibi
714 3337 1043 3423 posterius
1058 3383 1079 3421 ,
1109 3337 1417 3419 Memmi,
1438 3337 1752 3398 faciemus
1771 3346 2017 3418 aperta.

369 3449 559 3510 Nunc
578 3445 681 3528 id,
706 3446 885 3526 quod
905 3452 1235 3526 superest,
1270 3445 1353 3506 de
1384 3441 1674 3504 motibus
1703 3438 2149 3522 expediemus.

448 3557 505 3616 N
506 3572 637 3616 unc
659 3553 839 3614 locus
854 3561 949 3614 est
963 3562 1081 3632 ,1ut
1096 3545 1339 3632 opinor
1350 3595 1369 3631 ‚
1392 3549 1461 3610 in
1477 3548 1583 3611 his
1599 3546 1768 3610 illud
1789 3563 2058 3627 quoque
2073 3547 2270 3612 rebus

368 3657 775 3722 Confirmare
790 3657 910 3720 tibi
923 3702 943 3738 ,
974 3658 1229 3730 nullam
1249 3676 1389 3719 rem
1412 3670 1601 3736 posse
1619 3673 1740 3716 sua
1764 3652 1834 3714 vi

371 3765 768 3846 corpoream
790 3779 1049 3824 sursum
1080 3759 1271 3841 ferri,
1305 3776 1699 3838 sursumque
1725 3775 1970 3820 meare.

371 3867 467 3931 Ne
493 3866 613 3930 tibi
634 3868 793 3931 dent
808 3866 885 3931 in
906 3885 987 3932 eo
1006 3869 1419 3930 flammarum
1444 3879 1725 3946 corpora
1749 3860 2048 3926 fraudem
2067 3879 2094 3936 ᾖ
