3117 5050
792 410 1198 477 LIBER
1278 415 1415 481 vl.
1493 415 1740 477 mana.
2127 423 2284 500 239·

314 565 654 635 Posterius
680 562 786 647 fit,
820 565 919 627 uti
936 610 955 647 ,
989 584 1190 645 quom
1226 562 1361 626 iam
1388 562 1685 629 cecidere
1702 563 1944 629 veneni

312 675 402 737 In
442 671 677 737 fonteis
706 669 887 753 ipsos
900 712 920 750 ,
946 668 1047 731 ibi
1075 666 1161 731 sit
1187 684 1452 748 quoque
1474 667 1610 733 ‘vita
1633 672 2004 753 vomunda,

312 784 679 863 Propterea
702 780 883 859 quod
914 794 1152 861 magna
1178 771 1337 839 mali
1358 770 1443 835 sit
1472 774 1664 858 copia
1693 777 1965 841 circum.

406 885 508 948 Fit
534 904 831 968 quoque,
858 890 931 945 ut
949 880 1282 945 interdum
1296 875 1399 943 vis
1415 880 1582 943 haec
1607 891 1806 963 atque
1822 893 2039 953 aestus„

1590 987 1840 1049 Averni

314 1098 543 1179 Aera,
550 1094 667 1178 qui
685 1096 855 1158 inter
875 1090 1055 1154 aveir
1080 1108 1341 1171 cunque
1362 1098 1457 1153 est
1480 1098 1856 1171 terramque
1877 1093 2128 1157 locatus
2142 1137 2163 1176 ,

314 1205 677 1284 Discutiat,
706 1220 915 1289 prope
937 1199 1035 1263 uti
1056 1201 1240 1263 locus
1268 1197 1425 1261 hine
1456 1197 1838 1278 linquatur·
1816 1198 2067 1311 manis·

206 1385 213 1395 .
316 1308 584 1393 Quoius
604 1304 718 1370 uhi
749 1326 785 1367 e
804 1300 1077 1391 regione
1094 1302 1227 1367 loci
1244 1322 1484 1365 venere
1501 1296 1827 1381 volantes,

316 1410 667 1475 Claudieat
700 1411 1029 1493 extemplo
1060 1428 1433 1493 pennarum
1463 1406 1644 1471 nisus
1677 1405 1894 1471 inanis
1909 1452 1932 1489 ,

314 1516 405 1578 Et
426 1534 748 1581 conamen
772 1514 1084 1597 utrinque
1104 1516 1360 1578 alarum
1389 1514 1694 1597 proditur
1719 1532 1937 1577 omne.

315 1613 484 1705 Hie,
508 1621 627 1685 ubi
654 1621 891 1686 nictari
914 1629 1282 1704 nequeunt,
1310 1620 1736 1702 insistereque
1759 1620 1883 1686 alis
1900 1665 1921 1704 ‚

316 1723 586 1789 Scilicet
608 1726 681 1789 in
712 1738 954 1791 terram
990 1725 1209 1789 delabi
1228 1725 1521 1809 pondere
1544 1724 1722 1811 cogit

317 1828 599 1907 Natura3
624 1837 723 1911 et,
742 1849 1025 1893 vacuum
1047 1847 1255 1911 prope
1291 1827 1425 1891 iam
1445 1850 1568 1911 per
1587 1828 1782 1891 inane
1805 1828 2088 1895 iacentes
2104 1876 2126 1912 ,

318 1930 727 2018 Dispergunt
754 1932 1007 1995 animas
1028 1953 1147 2015 per
1174 1930 1393 1994 caulas
1428 1930 1722 2013 corporis
1751 1932 2023 1997 omneis.

402 2035 733 2123 Frigidior
752 2056 955 2120 porro
978 2037 1053 2100 in
1080 2034 1295 2119 puteis
1322 2043 1562 2098 aestate
1585 2032 1662 2097 fit
1688 2019 1967 2120 hunnor,
2027 2026 2032 2032 ’
2091 2048 2148 2105 0
2180 2031 2185 2035 ’
2281 2102 2286 2107 ,

318 2136 615 2202 Rau-escit
636 2137 789 2219 quia
822 2135 995 2201 terra
1016 2140 1266 2219 calore,
1302 2149 1367 2202 et
1394 2137 1648 2200 semina
1672 2136 1734 2200 si·
1758 2159 1890 2219 qua
2107 2146 2238 2221 842

316 2245 511 2308 Forte
530 2243 794 2327 vaporis
817 2246 1041 2325 habet,
1070 2263 1353 2327 propere
1376 2242 1646 2306 dimittit
1672 2243 1746 2307 in
1770 2261 1983 2315 auras.

318 2350 473 2433 Quo
498 2347 708 2434 mag-is
728 2357 821 2411 est
846 2346 1047 2433 igitur
1071 2350 1262 2411 tellus
1288 2343 1481 2412 effeta
1509 2351 1760 2431 calore,

316 2450 423 2515 Fit
446 2470 710 2535 quoque
734 2451 1061 2538 frigidior,
1082 2450 1291 2534 quiin
1320 2463 1489 2515 terra
1514 2463 1608 2517 est
1625 2454 1922 2537 abditus,
1938 2457 2198 2521 humor.

318 2555 591 2644 Frigore
616 2577 818 2640 quom
848 2557 1169 2641 premitur
1192 2577 1393 2640 porro
1418 2558 1635 2622 omnis
1665 2566 1834 2621 terra
1849 2604 1869 2640 ,
1897 2560 2189 2644 coitque,

317 2661 399 2724 Et
428 2661 1027 2742 quasi-concresci23
1058 2658 1134 2730 fit
1156 2659 1497 2723 scilicetin
1527 2661 1858 2742 coeundo,
1889 2717 1898 2725 .

320 2768 659 2850 Exprimat
674 2769 745 2832 in
771 2779 1025 2851 puteos,
1054 2767 1111 2830 si
1139 2787 1337 2847 quem
1356 2766 1527 2852 gerit
1556 2765 1729 2849 ipsa,
1760 2770 2068 2831 calorem.

399 2872 513 2934 Est
530 2874 709 2954 apud
742 2871 1129 2934 Hammonis
1154 2871 1387 2934 fanum
1414 2869 1562 2934 fons
1584 2872 1732 2933 luce
1750 2869 1986 2934 diurna

322 2975 647 3064 Frigidus,
674 2987 743 3040 at
764 2978 1015 3050 calidus
1037 2985 1362 3040 nocturno
1393 2984 1687 3058 tempore
1710 2975 1934 3038 fertur.

322 3084 517 3145 Hunc
543 3079 844 3144 homines
867 3081 1117 3143 fontem
1136 3079 1331 3142 nimis
1348 3079 1788 3158 admirantur,
1817 3089 1882 3143 et
1907 3079 2042 3142 aeri

325 3185 468 3248 Sole
490 3194 723 3265 putant
747 3185 971 3246 subter
998 3193 1200 3247 terras
1231 3183 1588 3246 fervescere
1622 3183 1892 3272 partim,
1971 3251 1979 3260 ⁸

324 3295 463 3356 Nox
486 3293 604 3357 ubi
624 3294 905 3358 terribili
926 3304 1167 3357 terram
1195 3292 1479 3379 caligine
1506 3293 1696 3356 texit:

326 3403 518 3485 Quod
542 3398 741 3464 nimis
750 3421 807 3464 ‚a
831 3419 987 3463 vera
1020 3411 1114 3462 est
1137 3400 1337 3484 longe
1372 3400 1626 3461 ratione
1661 3406 2007 3462 remotum.

324 3508 583 3592 Quippe
615 3507 733 3570 ubi
756 3511 890 3589 sol,
924 3510 1178 3569 nudum
1208 3509 1615 3569 contrectans
1645 3523 1886 3588 corpus
1908 3509 2132 3588 aquai,

326 3615 467 3674 Non
500 3610 745 3691 quierit
777 3610 1064 3672 calidum
1094 3631 1331 3692 supera
1358 3613 1442 3672 de
1470 3613 1744 3675 reddere
1769 3623 1957 3695 parte
1971 3656 1992 3692 ,

323 3718 539 3802 Quom
563 3735 875 3800 superum
900 3718 1128 3778 lumen
1156 3725 1336 3778 tanto
1366 3715 1624 3778 fervore
1649 3716 1931 3778 fruatur:

286 3805 289 3810 ¹
326 3813 453 3906 Qui
478 3829 673 3903 queat
692 3820 839 3904 hie,
866 3822 1095 3888 subter
1122 3831 1256 3884 tam
1289 3839 1501 3884 crasso
1529 3839 1805 3903 corpore
1831 3828 2102 3901 terram,
