3117 5050
482 384 495 470 ἑ
550 425 669 490 m:
700 423 1007 496 mura
1046 387 1401 489 NATURA
1438 425 1688 490 uni-:n
1725 429 1837 494 ιν.
2042 451 2166 514 119¹

348 583 486 638 239.
514 567 645 620 Tum
666 564 930 634 explicatis
956 564 1023 618 iis
1040 601 1057 629 ,
1072 581 1201 634 quae
1218 564 1281 618 ad
1298 566 1445 618 visus
1468 581 1640 622 causas
1659 577 1922 634 spectant,
1945 568 2082 622 varia
2097 571 2161 624 de

353 677 427 716 eo
452 641 785 730 problemata,
818 657 1039 728 inprimis
1061 676 1190 728 quae
1215 657 1274 712 ad
1297 656 1483 728 speculi
1516 657 1754 730 imagines
1778 674 1832 713 et
1853 661 1980 718 lucis
2009 675 2160 731 atque

348 753 565 806 umbrae
592 751 835 804 rationem
863 750 1141 818 pertinent,
1165 741 1414 821 'proponit
1456 761 1510 804 et
1554 751 1718 803 solvit
1736 789 1751 812 ,
1784 772 1839 804 v.
1873 768 1970 816 240
1991 783 2015 794 -
2038 769 2154 822 379.

350 841 523 896 Porro
542 855 718 894 sensus
738 857 841 891 non
859 857 971 906 esse
988 840 1214 902 incertos
1237 851 1429 902 monet,
1456 854 1671 908 quorum
1712 837 1861 893 fidem
1890 843 2048 893 muita
2076 854 2156 895 te·

308 935 317 945 '
350 915 499 982 inere
523 928 881 983 existimentur
904 929 1225 988 labefactam
1254 927 1343 982 sed
1372 944 1436 980 ex
1466 929 1694 997 opinatu-
1709 929 1982 982 animorum
2007 929 2150 984 nasci

348 1017 487 1072 falsa
506 1019 713 1072 illorum
731 1017 914 1070 iudicia
926 1047 946 1081 ,-
964 1035 1022 1068 ν.
1045 1019 1175 1084 380·
1190 1017 1309 1084 469.
1334 1018 1415 1069 Ne
1430 1018 1543 1086 quis
1565 1018 1722 1088 igitur
1739 1037 1806 1074 ex
1826 1019 1930 1074 illis
1951 1016 2154 1089 probis·

345 1111 511 1168 matis
531 1111 759 1164 fallaciae
772 1103 951 1177 armai
971 1121 1200 1169 sensus„
1221 1108 1403 1160 horum
1422 1107 1714 1177 dignitatem
1733 1111 2056 1173 demonstrat,
2075 1127 2152 1166 re-

355 1197 551 1257 futatis
568 1197 719 1253 etiam
733 1192 1041 1251 Academicis
1056 1228 1073 1256 ,
1106 1211 1163 1245 v·
1184 1209 1286 1258 470
1302 1219 1324 1234 ·
1350 1196 1469 1259 478.
1503 1212 1799 1264 omnemque
1827 1199 2030 1251 omnino
2057 1215 2152 1252 ve·

250 1325 269 1336 .
359 1289 572 1341 ritatem
605 1285 705 1340 fide
734 1299 790 1339 et
814 1284 1114 1339 auctoritate
1142 1299 1377 1362 sensuum
1408 1283 1507 1336 nisi
1525 1319 1540 1347 ,
1577 1285 1835 1353 copiosius
1867 1289 2072 1367 asserit,
2097 1307 2153 1342 v.

356 1367 473 1441 ’479
496 1400 523 1414 -
542 1390 658 1442 523.
700 1373 794 1426 His
822 1372 894 1426 ita
916 1374 979 1426 de
1004 1373 1126 1425 visu
1161 1371 1461 1440 disputatis,
1490 1373 1553 1426 ad
1587 1386 1785 1429 ceteros
1815 1371 1993 1431 seu'sus
2031 1397 2152 1446 pro-

370 1466 618 1535 greditur.
664 1463 834 1517 Vocem
854 1477 907 1518 et
933 1483 1099 1515 sonum
1122 1481 1387 1534 corporeas
1414 1481 1529 1520 esse
1552 1465 1827 1538 imagines,
1847 1484 1972 1536 quae
1990 1487 2156 1526 aurem

368 1554 564 1624 pariter
594 1553 774 1609 feriant
795 1568 857 1609 et
887 1555 1110 1609 auditum
1144 1553 1393 1620 efficiant,
1429 1575 1485 1608 v.
1528 1571 1626 1622 524
1647 1583 1672 1600 -
1698 1569 1813 1622 544.
1855 1559 2003 1612 vocis
2029 1579 2158 1630 quae

370 1646 449 1700 sit
467 1659 671 1710 utura,
689 1659 747 1703 ,et
760 1663 866 1716 quo
906 1648 1061 1700 modo
1088 1648 1367 1714 formetur,
1388 1667 1445 1702 v.
1468 1665 1594 1715 545·
1608 1649 1722 1714 565.
1749 1667 1842 1718 eur
1857 1652 2028 1706 endem
2048 1669 2158 1708 vox

370 1737 525 1790 simul
546 1736 852 1807 percipiatur
872 1755 903 1792 a
924 1738 1099 1792 multis
1117 1775 1132 1801 ,
1152 1757 1207 1792 v.
1232 1737 1328 1803 566
1341 1765 1362 1780 ·
1384 1754 1496 1805 574.
1540 1738 1664 1809 quid
1682 1739 1752 1794 sit
1775 1741 1904 1796 echo
1919 1779 1934 1804 ,
1955 1756 2010 1796 et
2028 1743 2162 1798 unde

360 1827 589 1892 otiatur,
608 1846 665 1882 v.
686 1842 777 1894 575
794 1852 822 1868 ·
837 1842 949 1896 597.
994 1844 1099 1897 quo
1128 1827 1279 1880 modo
1298 1841 1455 1879 sonus
1478 1841 1570 1895 per
1597 1843 1808 1896 corpora
1828 1831 1984 1884 multa
2001 1848 2162 1900 pene-

365 1933 501 1984 tret,
521 1939 580 1977 v·
600 1922 696 1990 598
710 1949 730 1962 -
746 1919 863 1985 605.
894 1933 945 1972 et
964 1919 1017 1972 in
1040 1935 1214 1972 omnes
1238 1930 1409 1986 partes
1431 1917 1766 1982 diffundatur,
1794 1938 1852 1973 v.
1873 1919 2021 1970 606.-
2038 1919 2154 1986 6ι7.

370 2014 454 2068 De
467 2029 636 2082 sapore
651 2013 801 2066 docet
818 2049 834 2074 ,
863 2011 983 2080 quid
1014 2011 1083 2064 sit
1096 2050 1110 2074 ,
1143 2023 1197 2065 er
1218 2011 1351 2065 unde
1370 2023 1506 2064 tanta
1528 2011 1638 2064 eius
1660 2010 1925 2065 diversitas
1936 2011 2116 2076 .„·v.·61
2129 2015 2158 2068 8

376 2133 406 2150 -
423 2105 543 2168 675.
584 2105 647 2158 de
676 2107 839 2164 olore,
871 2119 972 2172 quo
993 2103 1144 2154 modo
1177 2103 1393 2156 exsistat
1408 2143 1423 2168 ,
1452 2115 1505 2155 et
1530 2120 1620 2156 cur
1643 2103 1752 2158 aliis
1769 2105 1896 2158 alius
1916 2106 2070 2176 magis
2089 2107 2158 2159 sit

373 2212 551 2265 aptus,
569 2215 626 2250 v.
652 2191 912 2263 676-689.
936 2179 1189 2264 comparat
1217 2196 1428 2248 eundem
1454 2213 1565 2248 cum
1591 2196 1774 2250 ceteris
1805 2189 2064 2261 sensibus,
2095 2217 2151 2253 ν.

379 2288 481 2352 690
494 2315 519 2328 -
538 2289 655 2353 708.
675 2284 903 2356 inprimis
924 2301 1035 2338 cum
1053 2285 1175 2338 visu
1187 2323 1203 2347 ,
1223 2301 1368 2353 quem
1388 2285 1584 2354 species
1597 2298 1750 2354 atque
1765 2288 1964 2340 colores
1975 2293 2156 2340 'rerum

381 2377 555 2431 eodem
576 2376 727 2429 modo
757 2373 999 2439 afficiant,
1022 2394 1077 2426 v.
1098 2390 1197 2442 709
1215 2401 1237 2416 -
1254 2391 1377 2441 724.
1399 2378 1529 2430 Tum
1561 2378 1624 2430 de
1656 2381 1992 2448 imaginatione
2007 2391 2162 2448 atque

384 2469 663 2539 eufrasiam
676 2465 782 2539 agit
803 2483 818 2518 t
839 2484 968 2537 quae
984 2467 1233 2520 exsistant
1250 2482 1340 2537 per
1360 2482 1541 2520 sensus
1568 2480 1835 2529 externos,
1855 2465 2162 2529 tenuissimis

381 2573 545 2614 terum
562 2557 841 2613 simulacris
863 2538 1045 2609 horum
1062 2572 1163 2625 ope
1185 2555 1239 2609 'm
1262 2569 1479 2609 mentem
1509 2554 1912 2620 incurrentibus,
1935 2574 1991 2607 v.
2012 2570 2109 2621 725
2131 2583 2157 2599 ·

377 2662 497 2713 759.
529 2646 653 2699 Inde
672 2645 962 2715 explicanda
998 2643 1306 2697 somniorum
1338 2645 1467 2695 ratio
1484 2678 1504 2703 2
1518 2660 1579 2693 v.
1597 2641 1694 2707 760
1716 2669 1741 2681 -
1761 2657 1880 2705 779.
1918 2640 2032 2693 inde
2050 2644 2159 2694 sol-

383 2740 544 2791 venda
562 2738 795 2809 quaestio
807 2774 822 2799 ,
839 2734 992 2805 quai-e
1006 2774 1023 2799 ,
1043 2736 1180 2806 quod
1198 2736 1383 2805 cuique
1399 2734 1636 2793 libuerit,
1669 2734 1721 2784 id
1739 2734 1933 2815 cogitet
1947 2770 1962 2797 ,
1989 2752 2044 2784 v.
2062 2736 2162 2798 780

341 2892 345 2897 st
391 2831 547 2896 ·809.
585 2818 715 2879 inde'
738 2826 877 2878 fraus
908 2826 1255 2897 intelligenda,
1284 2828 1339 2879 in
1364 2824 1543 2896 quam,
1570 2828 1846 2879 simulacris
1872 2840 1962 2879 aut
1983 2844 2161 2895 parum

388 2932 537 2972 acute
554 2919 803 2989 cognitis,
823 2930 913 2971 aut
930 2918 1059 2971 inter
1080 2936 1137 2972 se
1157 2917 1475 2985 permutatis,
1496 2934 1646 2985 saepe
1669 2915 1968 2980 inducimur,
1989 2920 2092 2971 v.·8
2101 2932 2160 2967 ιο

388 3012 535 3073 ο824.
554 3012 686 3067 Tum
705 3010 871 3073 docet,
891 2998 1132 3079 linguans,
1152 3012 1332 3065 oculos
1344 3048 1361 3073 ,
1380 3024 1527 3063 aures
1539 3048 1557 3073 ,
1577 3009 1722 3063 nares
1734 3046 1750 3071 ,
1767 3009 1935 3064 omnia
1951 3008 2164 3078 denique

393 3114 625 3155 “aarum
648 3100 978 3153 instrumenta
995 3101 1135 3169 prius
1150 3112 1271 3155 nata
1292 3116 1429 3161 esso,
1450 3118 1603 3167 quam
1620 3116 1793 3156 eorum
1812 3102 1992 3155 usum:
2013 3117 2164 3159 secus

393 3205 521 3243 vero
540 3191 593 3243 in
616 3180 896 3243 artificiosis
928 3188 1113 3251 rebus,
1133 3204 1259 3257 quae
1277 3188 1517 3257 prodeant
1535 3205 1602 3241 ex
1620 3190 1854 3261 praevisa
1870 3191 2166 3261 indigentia,

390 3296 445 3333 v.
466 3282 529 3339 82
536 3296 559 3346 5
574 3309 598 3323 ·
614 3284 731 3347 878.
770 3280 925 3332 Etiam
954 3292 1123 3334 motus
1157 3278 1741 3355 animauunvoluntarii
1765 3298 1958 3335 causam
1973 3299 2087 3336 esse
2109 3284 2164 3335 in

392 3371 669 3425 simulacris
690 3372 982 3443 quibusdam
1004 3372 1063 3423 ad
1083 3371 1341 3425 meandum
1364 3372 1521 3441 aptis,
1538 3391 1669 3444 quae
1693 3374 1914 3441 impulsu
1943 3393 2042 3429 suo·
2062 3394 2164 3429 vo-

390 3460 633 3517 luntatem
658 3460 895 3515 movendi
924 3460 975 3512 in
1003 3461 1171 3513 animo
1192 3460 1445 3524 excitent,
1462 3481 1515 3513 v.
1538 3466 1674 3532 879‘·
1687 3465 1805 3528 908.
1824 3465 1868 3517 A
1887 3464 2164 3517 simulacris

395 3550 605 3625 denique
627 3551 829 3605 uberius
860 3552 1045 3621 repetit
1065 3566 1119 3606 et
1144 3556 1401 3615 somnum,
1426 3571 1482 3605 v.
1504 3570 1636 3621 909-
1653 3553 1773 3621 964.
1807 3568 1858 3607 et
1882 3548 2128 3610 insomnia
2143 3590 2160 3618 ‚

395 3656 603 3708 qnorum
628 3641 791 3693 varias
817 3658 993 3695 causas
1019 3655 1279 3695 enumerat
1295 3682 1312 3707 ,
1338 3660 1396 3695 v.
1416 3642 1511 3710 965
1537 3669 1564 3684 -
1581 3656 1726 3709 ¹035·
1749 3642 1938 3696 adiecta
1949 3644 2012 3708 de
2026 3660 2164 3695 ano·

378 3722 395 3751 ²
392 3746 447 3781 re
462 3766 477 3793 ,
514 3730 721 3785 libidine
765 3732 978 3802 simque
1015 3733 1281 3789 effectibus
1328 3733 1692 3806 elegantissima
1730 3734 2068 3807 digressione,
2100 3752 2160 3788 v.

389 3822 511 3892 1036
534 3826 713 3893 -12830
750 3836 755 3841 “
796 3840 803 3849 “
910 3876 917 3887 ,
989 3842 995 3849 ·
1120 3836 1129 3845 ·
1476 3825 1481 3831 ’

207 4924 622 4980 ι”.,.,,,-Ξ.Ι],.η,,,.·
715 4949 724 4957 “
795 4954 816 4966 ’-

2953 1479 2961 1494 ι
2953 1359 2962 1436 μ.-
