<?xml version="1.0" encoding="UTF-8"?>
<!DOCTYPE html PUBLIC "-//W3C//DTD XHTML 1.0 Transitional//EN"
    "http://www.w3.org/TR/xhtml1/DTD/xhtml1-transitional.dtd">
<html xmlns="http://www.w3.org/1999/xhtml" xml:lang="en" lang="en">
 <head>
  <title>
</title>
<meta http-equiv="Content-Type" content="text/html;charset=utf-8" />
  <meta name='ocr-system' content='tesseract 3.04.00' />
  <meta name='ocr-capabilities' content='ocr_page ocr_carea ocr_par ocr_line ocrx_word'/>
</head>
<body>
  <div class='ocr_page' id='page_1' title='image "./tlucretiicaride00unkngoog_0091.png"; bbox 0 0 3117 5050; ppageno 0'>
   <div class='ocr_carea' id='block_1_1' title="bbox 832 419 2665 503">
    <p class='ocr_par' dir='ltr' id='par_1_1' title="bbox 832 419 2665 503">
     <span class='ocr_line' id='line_1_1' title="bbox 832 419 2665 503; baseline 0.003 -19"><span class='ocrx_word' id='word_1_1' title='bbox 832 424 925 503; x_wconf 47' lang='lat' dir='ltr'><strong>qs*</strong></span> <span class='ocrx_word' id='word_1_2' title='bbox 1226 419 1790 484; x_wconf 65' lang='lat' dir='ltr'><strong>crannum</strong></span> <span class='ocrx_word' id='word_1_3' title='bbox 1847 422 2292 485; x_wconf 72' lang='lat' dir='ltr'>NATURA</span> <span class='ocrx_word' id='word_1_4' title='bbox 2420 444 2484 487; x_wconf 74' lang='lat' dir='ltr'><strong>v.</strong></span> <span class='ocrx_word' id='word_1_5' title='bbox 2531 426 2665 491; x_wconf 82' lang='lat'>188.</span> 
     </span>
    </p>
   </div>
   <div class='ocr_carea' id='block_1_2' title="bbox 735 548 2738 3916">
    <p class='ocr_par' dir='ltr' id='par_1_2' title="bbox 828 548 2677 755">
     <span class='ocr_line' id='line_1_2' title="bbox 828 548 2677 652; baseline 0.003 -21"><span class='ocrx_word' id='word_1_6' title='bbox 828 548 1065 635; x_wconf 74' lang='lat' dir='ltr'><strong>sursus</strong></span> <span class='ocrx_word' id='word_1_7' title='bbox 1082 565 1261 631; x_wconf 82' lang='lat' dir='ltr'><strong>enim</strong></span> <span class='ocrx_word' id='word_1_8' title='bbox 1282 584 1511 629; x_wconf 77' lang='lat' dir='ltr'><strong>vorsus</strong></span> <span class='ocrx_word' id='word_1_9' title='bbox 1534 562 1926 651; x_wconf 76' lang='lat' dir='ltr'><strong>gignunmr,</strong></span> <span class='ocrx_word' id='word_1_10' title='bbox 1949 574 2017 629; x_wconf 85' lang='lat' dir='ltr'><strong>et</strong></span> <span class='ocrx_word' id='word_1_11' title='bbox 2039 563 2356 652; x_wconf 72' lang='lat' dir='ltr'><strong>augmina</strong></span> <span class='ocrx_word' id='word_1_12' title='bbox 2375 580 2677 650; x_wconf 77' lang='lat' dir='ltr'><strong>sumunt:</strong></span> 
     </span>
     <span class='ocr_line' id='line_1_3' title="bbox 829 650 2542 755; baseline -0.002 -19"><span class='ocrx_word' id='word_1_13' title='bbox 829 674 911 735; x_wconf 83' lang='lat' dir='ltr'><strong>Et</strong></span> <span class='ocrx_word' id='word_1_14' title='bbox 930 690 1187 735; x_wconf 85' lang='lat' dir='ltr'><strong>sursum</strong></span> <span class='ocrx_word' id='word_1_15' title='bbox 1209 650 1457 731; x_wconf 77' lang='lat' dir='ltr'><strong>nitidae</strong></span> <span class='ocrx_word' id='word_1_16' title='bbox 1473 666 1700 753; x_wconf 82' lang='lat' dir='ltr'><strong>fruges</strong></span> <span class='ocrx_word' id='word_1_17' title='bbox 1714 714 1733 750; x_wconf 92' lang='lat'><strong>,</strong></span> <span class='ocrx_word' id='word_1_18' title='bbox 1753 670 2146 749; x_wconf 73' lang='lat' dir='ltr'><strong>arbustaque</strong></span> <span class='ocrx_word' id='word_1_19' title='bbox 2158 712 2180 751; x_wconf 92' lang='lat'><strong>,</strong></span> <span class='ocrx_word' id='word_1_20' title='bbox 2207 682 2542 755; x_wconf 82' lang='lat' dir='ltr'><strong>crescunt,</strong></span> 
     </span>
    </p>

    <p class='ocr_par' dir='ltr' id='par_1_3' title="bbox 828 771 2640 856">
     <span class='ocr_line' id='line_1_4' title="bbox 828 771 2640 856; baseline 0.002 -19"><span class='ocrx_word' id='word_1_21' title='bbox 828 776 1127 855; x_wconf 70' lang='lat' dir='ltr'><strong>Pondera</strong></span> <span class='ocrx_word' id='word_1_22' title='bbox 1141 819 1162 856; x_wconf 91' lang='lat'><strong>,</strong></span> <span class='ocrx_word' id='word_1_23' title='bbox 1184 782 1503 854; x_wconf 85' lang='lat' dir='ltr'><strong>quantum</strong></span> <span class='ocrx_word' id='word_1_24' title='bbox 1522 771 1598 835; x_wconf 83' lang='lat' dir='ltr'><strong>in</strong></span> <span class='ocrx_word' id='word_1_25' title='bbox 1615 792 1688 835; x_wconf 89' lang='lat' dir='ltr'><strong>se</strong></span> <span class='ocrx_word' id='word_1_26' title='bbox 1705 782 1830 855; x_wconf 91' lang='lat' dir='ltr'><strong>est,</strong></span> <span class='ocrx_word' id='word_1_27' title='bbox 1849 789 2054 855; x_wconf 85' lang='lat' dir='ltr'><strong>quom</strong></span> <span class='ocrx_word' id='word_1_28' title='bbox 2072 772 2382 839; x_wconf 86' lang='lat' dir='ltr'><strong>deorsum</strong></span> <span class='ocrx_word' id='word_1_29' title='bbox 2399 788 2640 841; x_wconf 84' lang='lat' dir='ltr'><strong>cuneta</strong></span> 
     </span>
    </p>

    <p class='ocr_par' dir='ltr' id='par_1_4' title="bbox 1885 875 2198 939">
     <span class='ocr_line' id='line_1_5' title="bbox 1885 875 2198 939; baseline 0 -1"><span class='ocrx_word' id='word_1_30' title='bbox 1885 875 2198 939; x_wconf 79' lang='lat' dir='ltr'><strong>ferantur.</strong></span> 
     </span>
    </p>

    <p class='ocr_par' dir='ltr' id='par_1_5' title="bbox 830 975 2492 1065">
     <span class='ocr_line' id='line_1_6' title="bbox 830 975 2492 1065; baseline -0.001 -19"><span class='ocrx_word' id='word_1_31' title='bbox 830 984 965 1045; x_wconf 87' lang='lat' dir='ltr'><strong>Nec</strong></span> <span class='ocrx_word' id='word_1_32' title='bbox 994 998 1199 1063; x_wconf 87' lang='lat' dir='ltr'><strong>quom</strong></span> <span class='ocrx_word' id='word_1_33' title='bbox 1221 975 1574 1042; x_wconf 84' lang='lat' dir='ltr'><strong>subsiliunt</strong></span> <span class='ocrx_word' id='word_1_34' title='bbox 1589 975 1778 1060; x_wconf 84' lang='lat' dir='ltr'><strong>ignes</strong></span> <span class='ocrx_word' id='word_1_35' title='bbox 1801 978 1889 1039; x_wconf 87' lang='lat' dir='ltr'><strong>ad</strong></span> <span class='ocrx_word' id='word_1_36' title='bbox 1912 987 2079 1041; x_wconf 83' lang='lat' dir='ltr'><strong>tecta</strong></span> <span class='ocrx_word' id='word_1_37' title='bbox 2101 980 2452 1043; x_wconf 88' lang='lat' dir='ltr'><strong>domorum</strong></span> <span class='ocrx_word' id='word_1_38' title='bbox 2471 1028 2492 1065; x_wconf 92' lang='lat'><strong>,</strong></span> 
     </span>
    </p>

    <p class='ocr_par' dir='ltr' id='par_1_6' title="bbox 828 1084 2665 1175">
     <span class='ocr_line' id='line_1_7' title="bbox 828 1084 2665 1175; baseline 0.003 -23"><span class='ocrx_word' id='word_1_39' title='bbox 828 1090 908 1152; x_wconf 86' lang='lat' dir='ltr'><strong>Et</strong></span> <span class='ocrx_word' id='word_1_40' title='bbox 927 1089 1125 1153; x_wconf 88' lang='lat' dir='ltr'><strong>celeri</strong></span> <span class='ocrx_word' id='word_1_41' title='bbox 1146 1089 1411 1151; x_wconf 82' lang='lat' dir='ltr'><strong>flamma</strong></span> <span class='ocrx_word' id='word_1_42' title='bbox 1440 1088 1786 1173; x_wconf 80' lang='lat' dir='ltr'><strong>degustant</strong></span> <span class='ocrx_word' id='word_1_43' title='bbox 1805 1084 1985 1173; x_wconf 81' lang='lat' dir='ltr'><strong>tigna</strong></span> <span class='ocrx_word' id='word_1_44' title='bbox 2011 1091 2411 1175; x_wconf 75' lang='lat' dir='ltr'><strong>trabeisque,</strong></span> <span class='ocrx_word' id='word_1_45' title='bbox 2661 1162 2665 1167; x_wconf 59' lang='grc'>,</span> 
     </span>
    </p>

    <p class='ocr_par' dir='ltr' id='par_1_7' title="bbox 828 1189 2720 1393">
     <span class='ocr_line' id='line_1_8' title="bbox 828 1189 2720 1278; baseline 0.003 -21"><span class='ocrx_word' id='word_1_46' title='bbox 828 1198 1073 1276; x_wconf 83' lang='lat' dir='ltr'><strong>Sponte</strong></span> <span class='ocrx_word' id='word_1_47' title='bbox 1090 1210 1207 1255; x_wconf 87' lang='lat' dir='ltr'><strong>sua</strong></span> <span class='ocrx_word' id='word_1_48' title='bbox 1232 1192 1445 1253; x_wconf 87' lang='lat' dir='ltr'><strong>facere</strong></span> <span class='ocrx_word' id='word_1_49' title='bbox 1462 1190 1564 1271; x_wconf 89' lang='lat' dir='ltr'><strong>id,</strong></span> <span class='ocrx_word' id='word_1_50' title='bbox 1583 1189 1728 1253; x_wconf 87' lang='lat' dir='ltr'><strong>sine</strong></span> <span class='ocrx_word' id='word_1_51' title='bbox 1743 1190 1812 1252; x_wconf 81' lang='lat' dir='ltr'><strong>vi</strong></span> <span class='ocrx_word' id='word_1_52' title='bbox 1825 1191 2166 1278; x_wconf 76' lang='lat' dir='ltr'><strong>subigente</strong></span> <span class='ocrx_word' id='word_1_53' title='bbox 2179 1238 2200 1276; x_wconf 87' lang='lat'><strong>,</strong></span> <span class='ocrx_word' id='word_1_54' title='bbox 2218 1199 2582 1277; x_wconf 85' lang='lat' dir='ltr'><strong>putandum</strong></span> <span class='ocrx_word' id='word_1_55' title='bbox 2598 1209 2720 1263; x_wconf 70' lang='lat' dir='ltr'><strong>este</strong></span> 
     </span>
     <span class='ocr_line' id='line_1_9' title="bbox 830 1296 2697 1393; baseline 0.004 -32"><span class='ocrx_word' id='word_1_56' title='bbox 830 1299 1027 1385; x_wconf 75' lang='lat' dir='ltr'><strong>Quod</strong></span> <span class='ocrx_word' id='word_1_57' title='bbox 1045 1316 1253 1382; x_wconf 76' lang='lat' dir='ltr'><strong>genus</strong></span> <span class='ocrx_word' id='word_1_58' title='bbox 1270 1340 1289 1377; x_wconf 92' lang='lat'><strong>,</strong></span> <span class='ocrx_word' id='word_1_59' title='bbox 1314 1316 1353 1359; x_wconf 87' lang='lat' dir='ltr'><strong>e</strong></span> <span class='ocrx_word' id='word_1_60' title='bbox 1374 1305 1598 1393; x_wconf 82' lang='lat' dir='ltr'><strong>nostro</strong></span> <span class='ocrx_word' id='word_1_61' title='bbox 1621 1316 1826 1376; x_wconf 89' lang='lat' dir='ltr'><strong>quom</strong></span> <span class='ocrx_word' id='word_1_62' title='bbox 1843 1296 2079 1361; x_wconf 89' lang='lat' dir='ltr'><strong>missus</strong></span> <span class='ocrx_word' id='word_1_63' title='bbox 2093 1313 2402 1381; x_wconf 71' lang='lat' dir='ltr'><strong>corpore,</strong></span> <span class='ocrx_word' id='word_1_64' title='bbox 2433 1306 2697 1389; x_wconf 84' lang='lat' dir='ltr'><strong>sanguis</strong></span> 
     </span>
    </p>

    <p class='ocr_par' dir='ltr' id='par_1_8' title="bbox 827 1402 2428 1489">
     <span class='ocr_line' id='line_1_10' title="bbox 827 1402 2428 1489; baseline -0.001 -19"><span class='ocrx_word' id='word_1_65' title='bbox 827 1406 1107 1485; x_wconf 81' lang='lat' dir='ltr'><strong>Emicat,</strong></span> <span class='ocrx_word' id='word_1_66' title='bbox 1138 1402 1466 1467; x_wconf 75' lang='lat' dir='ltr'><strong>exsultans</strong></span> <span class='ocrx_word' id='word_1_67' title='bbox 1488 1402 1650 1483; x_wconf 85' lang='lat' dir='ltr'><strong>alte,</strong></span> <span class='ocrx_word' id='word_1_68' title='bbox 1687 1402 2067 1489; x_wconf 80' lang='lat' dir='ltr'><strong>spargitque</strong></span> <span class='ocrx_word' id='word_1_69' title='bbox 2103 1424 2428 1469; x_wconf 85' lang='lat' dir='ltr'><strong>cruorem.</strong></span> 
     </span>
    </p>

    <p class='ocr_par' dir='ltr' id='par_1_9' title="bbox 828 1505 2738 1798">
     <span class='ocr_line' id='line_1_11' title="bbox 828 1505 2526 1597; baseline -0.001 -20"><span class='ocrx_word' id='word_1_70' title='bbox 828 1516 1064 1577; x_wconf 87' lang='lat' dir='ltr'><strong>Nonne</strong></span> <span class='ocrx_word' id='word_1_71' title='bbox 1098 1509 1281 1573; x_wconf 75' lang='lat' dir='ltr'><strong>vides</strong></span> <span class='ocrx_word' id='word_1_72' title='bbox 1315 1507 1511 1571; x_wconf 87' lang='lat' dir='ltr'><strong>etiam</strong></span> <span class='ocrx_word' id='word_1_73' title='bbox 1530 1550 1551 1587; x_wconf 94' lang='lat'><strong>,</strong></span> <span class='ocrx_word' id='word_1_74' title='bbox 1581 1512 1826 1597; x_wconf 82' lang='lat' dir='ltr'><strong>quanta</strong></span> <span class='ocrx_word' id='word_1_75' title='bbox 1849 1505 1918 1569; x_wconf 80' lang='lat' dir='ltr'><strong>vi</strong></span> <span class='ocrx_word' id='word_1_76' title='bbox 1947 1505 2128 1594; x_wconf 82' lang='lat' dir='ltr'><strong>tigna</strong></span> <span class='ocrx_word' id='word_1_77' title='bbox 2159 1510 2526 1592; x_wconf 83' lang='lat' dir='ltr'><strong>trabeisque</strong></span> 
     </span>
     <span class='ocr_line' id='line_1_12' title="bbox 828 1610 2738 1705; baseline -0.001 -26"><span class='ocrx_word' id='word_1_78' title='bbox 828 1618 1117 1697; x_wconf 87' lang='lat' dir='ltr'><strong>Respuat</strong></span> <span class='ocrx_word' id='word_1_79' title='bbox 1132 1615 1223 1677; x_wconf 88' lang='lat' dir='ltr'><strong>hu</strong></span> <span class='ocrx_word' id='word_1_80' title='bbox 1230 1630 1375 1675; x_wconf 89' lang='lat' dir='ltr'><strong>mor</strong></span> <span class='ocrx_word' id='word_1_81' title='bbox 1391 1628 1602 1691; x_wconf 80' lang='lat' dir='ltr'><strong>aquae</strong></span> <span class='ocrx_word' id='word_1_82' title='bbox 1616 1610 1646 1669; x_wconf 68' lang='lat' dir='ltr'><strong>‘x&#39;</strong></span> <span class='ocrx_word' id='word_1_83' title='bbox 1659 1612 1718 1669; x_wconf 94' lang='lat' dir='ltr'>N</span> <span class='ocrx_word' id='word_1_84' title='bbox 1719 1628 1838 1691; x_wconf 83' lang='lat' dir='ltr'><strong>on,</strong></span> <span class='ocrx_word' id='word_1_85' title='bbox 1857 1628 1992 1690; x_wconf 88' lang='lat' dir='ltr'><strong>quo</strong></span> <span class='ocrx_word' id='word_1_86' title='bbox 2013 1610 2222 1698; x_wconf 82' lang='lat' dir='ltr'><strong>magis</strong></span> <span class='ocrx_word' id='word_1_87' title='bbox 2235 1613 2515 1705; x_wconf 72' lang='lat' dir='ltr'><strong>ursimus</strong></span> <span class='ocrx_word' id='word_1_88' title='bbox 2531 1616 2738 1677; x_wconf 86' lang='lat' dir='ltr'><strong>altum</strong></span> 
     </span>
     <span class='ocr_line' id='line_1_13' title="bbox 828 1706 2422 1798; baseline -0.004 -18"><span class='ocrx_word' id='word_1_89' title='bbox 828 1715 1125 1795; x_wconf 79' lang='lat' dir='ltr'><strong>Direeta,</strong></span> <span class='ocrx_word' id='word_1_90' title='bbox 1149 1722 1216 1775; x_wconf 86' lang='lat' dir='ltr'><strong>et</strong></span> <span class='ocrx_word' id='word_1_91' title='bbox 1232 1728 1475 1795; x_wconf 78' lang='lat' dir='ltr'><strong>magna</strong></span> <span class='ocrx_word' id='word_1_92' title='bbox 1493 1707 1790 1798; x_wconf 34' lang='lat' dir='ltr'><strong>vilmulti</strong></span> <span class='ocrx_word' id='word_1_93' title='bbox 1812 1708 2166 1790; x_wconf 84' lang='lat' dir='ltr'><strong>pressimus</strong></span> <span class='ocrx_word' id='word_1_94' title='bbox 2191 1706 2386 1796; x_wconf 74' lang='lat' dir='ltr'><strong>aegre</strong></span> <span class='ocrx_word' id='word_1_95' title='bbox 2404 1757 2422 1790; x_wconf 92' lang='lat'><strong>,</strong></span> 
     </span>
    </p>

    <p class='ocr_par' dir='ltr' id='par_1_10' title="bbox 735 1807 2634 2107">
     <span class='ocr_line' id='line_1_14' title="bbox 735 1807 2634 1896; baseline 0.003 -25"><span class='ocrx_word' id='word_1_96' title='bbox 735 1864 745 1871; x_wconf 92' lang='lat'>.</span> <span class='ocrx_word' id='word_1_97' title='bbox 827 1816 995 1879; x_wconf 84' lang='lat' dir='ltr'><strong>Tam</strong></span> <span class='ocrx_word' id='word_1_98' title='bbox 1012 1808 1253 1895; x_wconf 85' lang='lat' dir='ltr'><strong>cupide</strong></span> <span class='ocrx_word' id='word_1_99' title='bbox 1264 1828 1520 1873; x_wconf 88' lang='lat' dir='ltr'><strong>sursum</strong></span> <span class='ocrx_word' id='word_1_100' title='bbox 1540 1807 1822 1885; x_wconf 74' lang='lat' dir='ltr'><strong>revomit</strong></span> <span class='ocrx_word' id='word_1_101' title='bbox 1843 1809 2079 1896; x_wconf 86' lang='lat' dir='ltr'><strong>magis,</strong></span> <span class='ocrx_word' id='word_1_102' title='bbox 2111 1821 2307 1891; x_wconf 84' lang='lat' dir='ltr'><strong>atque</strong></span> <span class='ocrx_word' id='word_1_103' title='bbox 2331 1813 2634 1892; x_wconf 81' lang='lat' dir='ltr'><strong>remittit;</strong></span> 
     </span>
     <span class='ocr_line' id='line_1_15' title="bbox 828 1900 2588 2003; baseline -0.003 -17"><span class='ocrx_word' id='word_1_104' title='bbox 828 1924 983 1987; x_wconf 87' lang='lat' dir='ltr'><strong>Plus</strong></span> <span class='ocrx_word' id='word_1_105' title='bbox 1008 1930 1080 1983; x_wconf 86' lang='lat' dir='ltr'><strong>ut</strong></span> <span class='ocrx_word' id='word_1_106' title='bbox 1106 1929 1292 2003; x_wconf 84' lang='lat' dir='ltr'><strong>parte</strong></span> <span class='ocrx_word' id='word_1_107' title='bbox 1317 1918 1491 1981; x_wconf 77' lang='lat' dir='ltr'><strong>foras</strong></span> <span class='ocrx_word' id='word_1_108' title='bbox 1520 1928 1860 2001; x_wconf 84' lang='lat' dir='ltr'><strong>emergant</strong></span> <span class='ocrx_word' id='word_1_109' title='bbox 1879 1962 1899 1998; x_wconf 92' lang='lat'><strong>,</strong></span> <span class='ocrx_word' id='word_1_110' title='bbox 1939 1916 2366 2001; x_wconf 80' lang='lat' dir='ltr'><strong>exsiliantque</strong></span> <span class='ocrx_word' id='word_1_111' title='bbox 2382 1920 2414 1980; x_wconf 74' lang='grc' dir='ltr'>Ρ</span> <span class='ocrx_word' id='word_1_112' title='bbox 2581 1900 2588 1906; x_wconf 48' lang='grc'><strong>’</strong></span> 
     </span>
     <span class='ocr_line' id='line_1_16' title="bbox 826 2020 2501 2107; baseline -0.003 -14"><span class='ocrx_word' id='word_1_113' title='bbox 826 2031 962 2093; x_wconf 87' lang='lat' dir='ltr'><strong>Nec</strong></span> <span class='ocrx_word' id='word_1_114' title='bbox 981 2037 1202 2090; x_wconf 85' lang='lat' dir='ltr'><strong>tamen</strong></span> <span class='ocrx_word' id='word_1_115' title='bbox 1214 2026 1405 2104; x_wconf 85' lang='lat' dir='ltr'><strong>haec,</strong></span> <span class='ocrx_word' id='word_1_116' title='bbox 1422 2034 1747 2103; x_wconf 87' lang='lat' dir='ltr'><strong>quantum</strong></span> <span class='ocrx_word' id='word_1_117' title='bbox 1767 2035 1859 2086; x_wconf 87' lang='lat' dir='ltr'><strong>est</strong></span> <span class='ocrx_word' id='word_1_118' title='bbox 1875 2020 1946 2083; x_wconf 89' lang='lat' dir='ltr'><strong>in</strong></span> <span class='ocrx_word' id='word_1_119' title='bbox 1968 2043 2072 2103; x_wconf 87' lang='lat' dir='ltr'><strong>se,</strong></span> <span class='ocrx_word' id='word_1_120' title='bbox 2099 2021 2501 2107; x_wconf 82' lang='lat' dir='ltr'><strong>dubitamus,</strong></span> 
     </span>
    </p>

    <p class='ocr_par' dir='ltr' id='par_1_11' title="bbox 827 2128 2730 2754">
     <span class='ocr_line' id='line_1_17' title="bbox 1751 2128 2730 2215; baseline 0.008 -27"><span class='ocrx_word' id='word_1_121' title='bbox 1751 2172 1762 2187; x_wconf 83' lang='grc'><strong>.</strong></span> <span class='ocrx_word' id='word_1_122' title='bbox 1876 2128 2148 2215; x_wconf 56' lang='lat' dir='ltr'><strong>opinor,</strong></span> <span class='ocrx_word' id='word_1_123' title='bbox 2616 2151 2730 2199; x_wconf 64' lang='grc' dir='ltr'><strong>ποι</strong></span> 
     </span>
     <span class='ocr_line' id='line_1_18' title="bbox 830 2236 2615 2330; baseline -0.002 -26"><span class='ocrx_word' id='word_1_124' title='bbox 830 2242 1012 2330; x_wconf 77' lang='lat' dir='ltr'><strong>Quin</strong></span> <span class='ocrx_word' id='word_1_125' title='bbox 1032 2258 1317 2303; x_wconf 75' lang='lat' dir='ltr'><strong>vacuum</strong></span> <span class='ocrx_word' id='word_1_126' title='bbox 1343 2258 1463 2321; x_wconf 89' lang='lat' dir='ltr'><strong>per</strong></span> <span class='ocrx_word' id='word_1_127' title='bbox 1482 2236 1686 2303; x_wconf 80' lang='lat' dir='ltr'><strong>inane</strong></span> <span class='ocrx_word' id='word_1_128' title='bbox 1710 2237 2017 2299; x_wconf 85' lang='lat' dir='ltr'><strong>deorsum</strong></span> <span class='ocrx_word' id='word_1_129' title='bbox 2043 2244 2279 2299; x_wconf 88' lang='lat' dir='ltr'><strong>cuncta</strong></span> <span class='ocrx_word' id='word_1_130' title='bbox 2305 2237 2615 2301; x_wconf 81' lang='lat' dir='ltr'><strong>ferantur.</strong></span> 
     </span>
     <span class='ocr_line' id='line_1_19' title="bbox 830 2344 2604 2436; baseline -0.003 -21"><span class='ocrx_word' id='word_1_131' title='bbox 830 2351 937 2415; x_wconf 79' lang='lat' dir='ltr'><strong>Sic</strong></span> <span class='ocrx_word' id='word_1_132' title='bbox 956 2347 1162 2436; x_wconf 81' lang='lat' dir='ltr'><strong>igitur</strong></span> <span class='ocrx_word' id='word_1_133' title='bbox 1182 2346 1427 2409; x_wconf 87' lang='lat' dir='ltr'><strong>debent</strong></span> <span class='ocrx_word' id='word_1_134' title='bbox 1449 2344 1755 2405; x_wconf 79' lang='lat' dir='ltr'><strong>flammae</strong></span> <span class='ocrx_word' id='word_1_135' title='bbox 1779 2361 2045 2423; x_wconf 89' lang='lat' dir='ltr'><strong>quoque</strong></span> <span class='ocrx_word' id='word_1_136' title='bbox 2063 2362 2251 2424; x_wconf 86' lang='lat' dir='ltr'><strong>posse</strong></span> <span class='ocrx_word' id='word_1_137' title='bbox 2273 2364 2394 2425; x_wconf 87' lang='lat' dir='ltr'><strong>per</strong></span> <span class='ocrx_word' id='word_1_138' title='bbox 2411 2364 2604 2409; x_wconf 86' lang='lat' dir='ltr'><strong>auras</strong></span> 
     </span>
     <span class='ocr_line' id='line_1_20' title="bbox 827 2452 2539 2541; baseline -0.005 -15"><span class='ocrx_word' id='word_1_139' title='bbox 827 2458 1046 2541; x_wconf 73' lang='lat' dir='ltr'><strong>Aeris,</strong></span> <span class='ocrx_word' id='word_1_140' title='bbox 1066 2474 1402 2540; x_wconf 80' lang='lat' dir='ltr'><strong>expressae</strong></span> <span class='ocrx_word' id='word_1_141' title='bbox 1424 2464 1712 2533; x_wconf 84' lang='lat' dir='ltr'><strong>sursum,</strong></span> <span class='ocrx_word' id='word_1_142' title='bbox 1739 2452 2114 2530; x_wconf 69' lang='lat' dir='ltr'><strong>succedere,</strong></span> <span class='ocrx_word' id='word_1_143' title='bbox 2135 2469 2539 2534; x_wconf 82' lang='lat' dir='ltr'><strong>quamquam</strong></span> 
     </span>
     <span class='ocr_line' id='line_1_21' title="bbox 828 2547 2572 2645; baseline -0.003 -14"><span class='ocrx_word' id='word_1_144' title='bbox 828 2547 1126 2632; x_wconf 82' lang='lat' dir='ltr'><strong>Pondera</strong></span> <span class='ocrx_word' id='word_1_145' title='bbox 1140 2608 1162 2645; x_wconf 92' lang='lat'><strong>,</strong></span> <span class='ocrx_word' id='word_1_146' title='bbox 1193 2569 1514 2644; x_wconf 85' lang='lat' dir='ltr'><strong>quantum</strong></span> <span class='ocrx_word' id='word_1_147' title='bbox 1538 2559 1612 2622; x_wconf 88' lang='lat' dir='ltr'><strong>in</strong></span> <span class='ocrx_word' id='word_1_148' title='bbox 1635 2581 1705 2623; x_wconf 88' lang='lat' dir='ltr'><strong>se</strong></span> <span class='ocrx_word' id='word_1_149' title='bbox 1738 2569 1860 2640; x_wconf 73' lang='lat' dir='ltr'><strong>est,</strong></span> <span class='ocrx_word' id='word_1_150' title='bbox 1877 2560 2186 2622; x_wconf 88' lang='lat' dir='ltr'><strong>deorsum</strong></span> <span class='ocrx_word' id='word_1_151' title='bbox 2210 2560 2572 2628; x_wconf 86' lang='lat' dir='ltr'><strong>deducere</strong></span> 
     </span>
     <span class='ocr_line' id='line_1_22' title="bbox 2040 2678 2370 2754; baseline 0.003 -25"><span class='ocrx_word' id='word_1_152' title='bbox 2040 2678 2370 2754; x_wconf 81' lang='lat' dir='ltr'><strong>pugnent·</strong></span> 
     </span>
    </p>

    <p class='ocr_par' dir='ltr' id='par_1_12' title="bbox 826 2772 2420 2856">
     <span class='ocr_line' id='line_1_23' title="bbox 826 2772 2420 2856; baseline -0.001 -16"><span class='ocrx_word' id='word_1_153' title='bbox 826 2777 1316 2855; x_wconf 84' lang='lat' dir='ltr'><strong>Nocturnasque</strong></span> <span class='ocrx_word' id='word_1_154' title='bbox 1336 2774 1553 2854; x_wconf 83' lang='lat' dir='ltr'><strong>faceis,</strong></span> <span class='ocrx_word' id='word_1_155' title='bbox 1579 2773 1747 2836; x_wconf 86' lang='lat' dir='ltr'><strong>coeli</strong></span> <span class='ocrx_word' id='word_1_156' title='bbox 1767 2772 2052 2836; x_wconf 83' lang='lat' dir='ltr'><strong>sublime</strong></span> <span class='ocrx_word' id='word_1_157' title='bbox 2071 2773 2420 2856; x_wconf 83' lang='lat' dir='ltr'><strong>volanteis,</strong></span> 
     </span>
    </p>

    <p class='ocr_par' dir='ltr' id='par_1_13' title="bbox 809 2881 2512 2967">
     <span class='ocr_line' id='line_1_24' title="bbox 809 2881 2512 2967; baseline 0.002 -23"><span class='ocrx_word' id='word_1_158' title='bbox 809 2885 1062 2964; x_wconf 49' lang='lat' dir='ltr'><strong>⁸Nonne</strong></span> <span class='ocrx_word' id='word_1_159' title='bbox 1086 2882 1268 2956; x_wconf 63' lang='lat' dir='ltr'><strong>vides</strong></span> <span class='ocrx_word' id='word_1_160' title='bbox 1285 2883 1519 2967; x_wconf 83' lang='lat' dir='ltr'><strong>longos</strong></span> <span class='ocrx_word' id='word_1_161' title='bbox 1542 2881 1956 2957; x_wconf 78' lang='lat' dir='ltr'><strong>flammarum</strong></span> <span class='ocrx_word' id='word_1_162' title='bbox 1979 2881 2217 2944; x_wconf 85' lang='lat' dir='ltr'><strong>ducere</strong></span> <span class='ocrx_word' id='word_1_163' title='bbox 2245 2893 2512 2966; x_wconf 86' lang='lat' dir='ltr'><strong>tractus,</strong></span> 
     </span>
    </p>

    <p class='ocr_par' dir='ltr' id='par_1_14' title="bbox 826 2982 2436 3070">
     <span class='ocr_line' id='line_1_25' title="bbox 826 2982 2436 3070; baseline -0.001 -18"><span class='ocrx_word' id='word_1_164' title='bbox 826 2982 905 3052; x_wconf 83' lang='lat' dir='ltr'><strong>In</strong></span> <span class='ocrx_word' id='word_1_165' title='bbox 933 3006 1358 3070; x_wconf 84' lang='lat' dir='ltr'><strong>quascunque</strong></span> <span class='ocrx_word' id='word_1_166' title='bbox 1382 2983 1566 3047; x_wconf 81' lang='lat' dir='ltr'><strong>&#39;dedit</strong></span> <span class='ocrx_word' id='word_1_167' title='bbox 1587 2983 1829 3066; x_wconf 88' lang='lat' dir='ltr'><strong>parteis</strong></span> <span class='ocrx_word' id='word_1_168' title='bbox 1848 2995 2080 3048; x_wconf 87' lang='lat' dir='ltr'><strong>natura</strong></span> <span class='ocrx_word' id='word_1_169' title='bbox 2100 2998 2390 3049; x_wconf 84' lang='lat' dir='ltr'><strong>meatum</strong></span> <span class='ocrx_word' id='word_1_170' title='bbox 2405 2990 2436 3050; x_wconf 68' lang='lat' dir='ltr'><strong>i*</strong></span> 
     </span>
    </p>

    <p class='ocr_par' dir='ltr' id='par_1_15' title="bbox 825 3092 2456 3162">
     <span class='ocr_line' id='line_1_26' title="bbox 825 3092 2456 3162; baseline 0.001 -5"><span class='ocrx_word' id='word_1_171' title='bbox 825 3095 973 3157; x_wconf 89' lang='lat' dir='ltr'><strong>Non</strong></span> <span class='ocrx_word' id='word_1_172' title='bbox 999 3094 1231 3158; x_wconf 79' lang='lat' dir='ltr'><strong>eadere</strong></span> <span class='ocrx_word' id='word_1_173' title='bbox 1256 3093 1328 3156; x_wconf 86' lang='lat' dir='ltr'><strong>in</strong></span> <span class='ocrx_word' id='word_1_174' title='bbox 1349 3102 1592 3156; x_wconf 82' lang='lat' dir='ltr'><strong>terram</strong></span> <span class='ocrx_word' id='word_1_175' title='bbox 1619 3094 1842 3162; x_wconf 80' lang='lat' dir='ltr'><strong>stellas</strong></span> <span class='ocrx_word' id='word_1_176' title='bbox 1866 3102 1934 3156; x_wconf 88' lang='lat' dir='ltr'><strong>et</strong></span> <span class='ocrx_word' id='word_1_177' title='bbox 1957 3092 2174 3159; x_wconf 83' lang='lat' dir='ltr'><strong>sidera</strong></span> <span class='ocrx_word' id='word_1_178' title='bbox 2199 3095 2456 3158; x_wconf 76' lang='lat' dir='ltr'><strong>cernis?</strong></span> 
     </span>
    </p>

    <p class='ocr_par' dir='ltr' id='par_1_16' title="bbox 825 3201 2416 3386">
     <span class='ocr_line' id='line_1_27' title="bbox 826 3201 2416 3286; baseline 0.001 -20"><span class='ocrx_word' id='word_1_179' title='bbox 826 3202 937 3266; x_wconf 87' lang='lat' dir='ltr'><strong>Sol</strong></span> <span class='ocrx_word' id='word_1_180' title='bbox 964 3201 1161 3265; x_wconf 84' lang='lat' dir='ltr'><strong>etiam</strong></span> <span class='ocrx_word' id='word_1_181' title='bbox 1186 3219 1445 3265; x_wconf 88' lang='lat' dir='ltr'><strong>summo</strong></span> <span class='ocrx_word' id='word_1_182' title='bbox 1471 3203 1555 3264; x_wconf 93' lang='lat' dir='ltr'><strong>de</strong></span> <span class='ocrx_word' id='word_1_183' title='bbox 1575 3201 1823 3264; x_wconf 80' lang='lat' dir='ltr'><strong>vortice</strong></span> <span class='ocrx_word' id='word_1_184' title='bbox 1849 3202 2141 3286; x_wconf 85' lang='lat' dir='ltr'><strong>dissupat</strong></span> <span class='ocrx_word' id='word_1_185' title='bbox 2159 3203 2416 3267; x_wconf 87' lang='lat' dir='ltr'><strong>omneis</strong></span> 
     </span>
     <span class='ocr_line' id='line_1_28' title="bbox 825 3301 2416 3386; baseline -0.001 -17"><span class='ocrx_word' id='word_1_186' title='bbox 825 3308 1147 3369; x_wconf 77' lang='lat' dir='ltr'><strong>Ardor-em</strong></span> <span class='ocrx_word' id='word_1_187' title='bbox 1177 3303 1247 3366; x_wconf 85' lang='lat' dir='ltr'><strong>in</strong></span> <span class='ocrx_word' id='word_1_188' title='bbox 1275 3301 1542 3386; x_wconf 76' lang='lat' dir='ltr'><strong>parteiS,</strong></span> <span class='ocrx_word' id='word_1_189' title='bbox 1568 3316 1631 3366; x_wconf 89' lang='lat' dir='ltr'><strong>et</strong></span> <span class='ocrx_word' id='word_1_190' title='bbox 1651 3305 1906 3368; x_wconf 87' lang='lat' dir='ltr'><strong>lumine</strong></span> <span class='ocrx_word' id='word_1_191' title='bbox 1931 3306 2213 3370; x_wconf 80' lang='lat' dir='ltr'><strong>conserit</strong></span> <span class='ocrx_word' id='word_1_192' title='bbox 2233 3325 2416 3370; x_wconf 86' lang='lat' dir='ltr'><strong>arva·</strong></span> 
     </span>
    </p>

    <p class='ocr_par' dir='ltr' id='par_1_17' title="bbox 795 3407 2392 3497">
     <span class='ocr_line' id='line_1_29' title="bbox 795 3407 2392 3497; baseline 0.004 -28"><span class='ocrx_word' id='word_1_193' title='bbox 795 3478 801 3485; x_wconf 29' lang='lat'><strong><em>¹</em></strong></span> <span class='ocrx_word' id='word_1_194' title='bbox 826 3407 904 3469; x_wconf 87' lang='lat' dir='ltr'><strong>In</strong></span> <span class='ocrx_word' id='word_1_195' title='bbox 928 3419 1127 3472; x_wconf 84' lang='lat' dir='ltr'><strong>terras</strong></span> <span class='ocrx_word' id='word_1_196' title='bbox 1148 3408 1353 3494; x_wconf 87' lang='lat' dir='ltr'><strong>igitur</strong></span> <span class='ocrx_word' id='word_1_197' title='bbox 1373 3429 1639 3489; x_wconf 89' lang='lat' dir='ltr'><strong>quoque</strong></span> <span class='ocrx_word' id='word_1_198' title='bbox 1673 3411 1830 3474; x_wconf 86' lang='lat' dir='ltr'><strong>solis</strong></span> <span class='ocrx_word' id='word_1_199' title='bbox 1859 3412 2150 3497; x_wconf 79' lang='lat' dir='ltr'><strong>vergitur</strong></span> <span class='ocrx_word' id='word_1_200' title='bbox 2175 3415 2392 3476; x_wconf 84' lang='lat' dir='ltr'><strong>ardor.</strong></span> 
     </span>
    </p>

    <p class='ocr_par' dir='ltr' id='par_1_18' title="bbox 826 3511 2630 3596">
     <span class='ocr_line' id='line_1_30' title="bbox 826 3511 2630 3596; baseline 0.005 -24"><span class='ocrx_word' id='word_1_201' title='bbox 826 3511 1387 3594; x_wconf 75' lang='lat' dir='ltr'><strong>Transversosque</strong></span> <span class='ocrx_word' id='word_1_202' title='bbox 1408 3515 1633 3576; x_wconf 83' lang='lat' dir='ltr'><strong>volare</strong></span> <span class='ocrx_word' id='word_1_203' title='bbox 1657 3533 1776 3596; x_wconf 88' lang='lat' dir='ltr'><strong>per</strong></span> <span class='ocrx_word' id='word_1_204' title='bbox 1795 3514 2066 3578; x_wconf 87' lang='lat' dir='ltr'><strong>imbreis</strong></span> <span class='ocrx_word' id='word_1_205' title='bbox 2094 3515 2372 3579; x_wconf 83' lang='lat' dir='ltr'><strong>fulmina</strong></span> <span class='ocrx_word' id='word_1_206' title='bbox 2387 3515 2630 3581; x_wconf 85' lang='lat' dir='ltr'><strong>cernis·</strong></span> 
     </span>
    </p>

    <p class='ocr_par' dir='ltr' id='par_1_19' title="bbox 826 3616 2464 3809">
     <span class='ocr_line' id='line_1_31' title="bbox 826 3616 2446 3707; baseline 0.006 -32"><span class='ocrx_word' id='word_1_207' title='bbox 826 3616 1017 3676; x_wconf 89' lang='lat' dir='ltr'><strong>Nunc</strong></span> <span class='ocrx_word' id='word_1_208' title='bbox 1037 3617 1228 3698; x_wconf 87' lang='lat' dir='ltr'><strong>hine,</strong></span> <span class='ocrx_word' id='word_1_209' title='bbox 1250 3638 1425 3680; x_wconf 84' lang='lat' dir='ltr'><strong>nunc</strong></span> <span class='ocrx_word' id='word_1_210' title='bbox 1446 3617 1636 3682; x_wconf 83' lang='lat' dir='ltr'><strong>illinc</strong></span> <span class='ocrx_word' id='word_1_211' title='bbox 1655 3621 1776 3683; x_wconf 86' lang='lat' dir='ltr'><strong>abr</strong></span> <span class='ocrx_word' id='word_1_212' title='bbox 1779 3641 1816 3680; x_wconf 86' lang='lat' dir='ltr'><strong>u</strong></span> <span class='ocrx_word' id='word_1_213' title='bbox 1823 3620 1921 3701; x_wconf 78' lang='lat' dir='ltr'><strong>pti</strong></span> <span class='ocrx_word' id='word_1_214' title='bbox 1950 3620 2282 3684; x_wconf 85' lang='lat' dir='ltr'><strong>nubibus&#39;</strong></span> <span class='ocrx_word' id='word_1_215' title='bbox 2261 3640 2446 3707; x_wconf 81' lang='lat' dir='ltr'><strong>ignes</strong></span> 
     </span>
     <span class='ocr_line' id='line_1_32' title="bbox 828 3725 2464 3809; baseline 0.001 -25"><span class='ocrx_word' id='word_1_216' title='bbox 828 3725 1263 3801; x_wconf 75' lang='lat' dir='ltr'><strong>Concursant3</strong></span> <span class='ocrx_word' id='word_1_217' title='bbox 1286 3725 1461 3787; x_wconf 83' lang='lat' dir='ltr'><strong>eadit</strong></span> <span class='ocrx_word' id='word_1_218' title='bbox 1484 3725 1558 3788; x_wconf 91' lang='lat' dir='ltr'><strong>in</strong></span> <span class='ocrx_word' id='word_1_219' title='bbox 1582 3737 1781 3788; x_wconf 87' lang='lat' dir='ltr'><strong>terras</strong></span> <span class='ocrx_word' id='word_1_220' title='bbox 1803 3725 1902 3790; x_wconf 84' lang='lat' dir='ltr'><strong>vis</strong></span> <span class='ocrx_word' id='word_1_221' title='bbox 1925 3727 2225 3790; x_wconf 82' lang='lat' dir='ltr'><strong>flammea</strong></span> <span class='ocrx_word' id='word_1_222' title='bbox 2243 3727 2464 3809; x_wconf 81' lang='lat' dir='ltr'><strong>volgo.</strong></span> 
     </span>
    </p>

    <p class='ocr_par' dir='ltr' id='par_1_20' title="bbox 905 3823 2604 3916">
     <span class='ocr_line' id='line_1_33' title="bbox 905 3823 2604 3916; baseline 0.002 -30"><span class='ocrx_word' id='word_1_223' title='bbox 905 3826 1084 3888; x_wconf 89' lang='lat' dir='ltr'><strong>Illud</strong></span> <span class='ocrx_word' id='word_1_224' title='bbox 1102 3823 1175 3888; x_wconf 86' lang='lat' dir='ltr'><strong>in</strong></span> <span class='ocrx_word' id='word_1_225' title='bbox 1190 3826 1293 3891; x_wconf 85' lang='lat' dir='ltr'><strong>his</strong></span> <span class='ocrx_word' id='word_1_226' title='bbox 1312 3847 1582 3912; x_wconf 85' lang='lat' dir='ltr'><strong>quoque</strong></span> <span class='ocrx_word' id='word_1_227' title='bbox 1599 3839 1662 3893; x_wconf 92' lang='lat' dir='ltr'><strong>te</strong></span> <span class='ocrx_word' id='word_1_228' title='bbox 1687 3832 1882 3894; x_wconf 88' lang='lat' dir='ltr'><strong>rebus</strong></span> <span class='ocrx_word' id='word_1_229' title='bbox 1896 3848 2285 3916; x_wconf 77' lang='lat' dir='ltr'><strong>cognoscere</strong></span> <span class='ocrx_word' id='word_1_230' title='bbox 2308 3845 2604 3902; x_wconf 71' lang='lat' dir='ltr'><strong>avemusz</strong></span> 
     </span>
    </p>
   </div>
  </div>
 </body>
</html>
