3117 5050
773 425 916 513 'w
1295 407 2269 500 T.LUCRET11

818 623 991 697 gens
1033 594 1360 666 Lucretia
1409 615 1631 686 quam
1680 593 1857 660 clara
1894 604 2115 682 atque
2156 587 2445 680 antiqua
2493 585 2745 676 fuerit,

821 721 1246 804 argumento
1301 721 1470 774 sunt
1525 699 1837 771 Lucretii
1888 699 2337 792 Tricipitini,
2399 699 2743 784 Trione8‚

825 820 1145 907 Ofellae,
1195 816 1669 911 Vespillones‚
1722 811 1928 882 Galli.
1970 808 2201 916 Quod
2243 832 2414 879 vero
2450 809 2539 878 ad
2578 831 2750 904 cog-

825 953 1100 1002 nomen
1155 928 1438 1013 attinet,
1484 919 1762 995 tametsi
1804 921 2019 994 rarius
2069 924 2143 992 in
2200 917 2460 1005 Fastis,
2514 935 2583 988 et
2629 942 2747 988 ce-

708 1033 716 1039 ’
793 1037 988 1107 'teris
1029 1031 1516 1108 monumentis
1545 1045 1987 1123 compareat,
2020 1029 2428 1100 Romanum
2472 1050 2612 1096 esse
2640 1041 2746 1096 ta·

825 1172 998 1218 men
1025 1163 1094 1215 et
1125 1169 1215 1214 ex
1242 1143 1492 1239 Elegiis
1532 1140 1901 1212 nonnullis
1938 1139 2009 1208 Ρ.
2042 1137 2325 1224 Ovidii,
2359 1155 2431 1208 et
2452 1161 2543 1206 ex
2576 1133 2747 1227 Epi-

825 1254 1229 1352 grammatis
1271 1253 1377 1322 M.
1417 1249 1679 1324 Valerii
1718 1250 2083 1336 Martialis,
2128 1249 2518 1344 intelligere
2558 1244 2744 1316 licet.

827 1359 970 1432 Sed
1001 1359 1338 1431 credibile
1363 1375 1500 1446 est,
1525 1359 1736 1430 huius
1762 1357 2067 1430 familiae
2091 1357 2451 1429 Lucretios
2466 1402 2490 1444 ,
2530 1377 2748 1446 eque-

827 1471 948 1541 stri
990 1463 1242 1540 ordine
1285 1482 1703 1552 contentos,
1741 1469 2000 1560 populi
2025 1469 2329 1539 honores
2358 1488 2513 1535 non
2556 1485 2749 1560 mag·

829 1607 1099 1675 nopere
1139 1579 1511 1672 expetiise:
1555 1581 1760 1673 quod
1797 1605 2013 1651 nemo
2043 1579 2455 1666 mirabitur,
2494 1577 2621 1671 qqi
2650 1579 2749 1647 le·

829 1694 1048 1790 gerit,
1091 1694 1176 1765 C.
1222 1692 1708 1763 Maecenatem
1737 1685 2206 1783 Vipsanium,
2258 1713 2425 1761 cum
2470 1707 2541 1760 et
2569 1687 2746 1758 Cae·

657 1801 661 1808 “
703 1885 716 1896 Ι
826 1803 956 1872 sari
1012 1798 1336 1896 Augusto
1361 1849 1382 1886 ,
1427 1816 1500 1869 et
1526 1799 1627 1869 M.
1657 1797 2009 1896 Agrippae
2052 1798 2432 1869 carissimus
2458 1848 2479 1885 ,
2529 1814 2749 1888 atque

831 1907 1012 1978 adeo
1061 1907 1352 1976 intimus
1399 1922 1605 1992 esset,
1659 1903 1977 1998 ideoque
2015 1905 2471 1999 amplissimos
2513 1903 2752 1973 hono-

829 2041 937 2088 res
981 2041 1229 2110 capere
1252 2065 1273 2102 ,
1313 2032 1536 2110 atque
1586 2017 1678 2086 ad
1718 2013 2169 2088 Senatorium
2219 2016 2545 2091 ordinem
2587 2039 2751 2109 per-

831 2127 1076 2197 venire
1125 2145 1393 2218 posset,
1440 2147 1740 2226 angusto
1785 2145 2026 2200 tamen
2075 2125 2273 2200 clav'o
2318 2143 2747 2200 contentum

833 2233 1064 2306 fuisse.
1123 2236 1322 2306 Licet
1374 2238 1587 2308 etiam
1636 2237 1917 2325 dicere,
1962 2238 2373 2310 Lucretium
2424 2254 2749 2308 nostrum

839 2371 880 2418 e
909 2344 1412 2439 Vespillonum
1437 2363 1563 2418 ant
1584 2345 1984 2416 Ofellarum
2006 2346 2265 2418 familia
2289 2347 2495 2418 fuisse
2511 2398 2533 2434 ,
2562 2347 2750 2416 duo-

839 2473 988 2544 que
1023 2451 1454 2549 cognomina
1490 2451 1848 2537 habuisse3
1886 2475 2053 2521 cum
2090 2451 2183 2523 ad
2223 2471 2609 2523 commune
2636 2466 2753 2523 tu-

838 2560 979 2633 tius
999 2559 1300 2634 familiae
1321 2585 1730 2661 cognomen
1762 2576 1887 2631 aut
1915 2560 2337 2657 vespillonis
2356 2610 2380 2650 ,
2412 2576 2538 2633 aut
2550 2560 2751 2633 Ofel-

805 2672 984 2762 ,lae,
1037 2694 1445 2769 cognomen
1492 2672 2106 2761 Cari·accessisset,
2160 2676 2277 2745 vel
2308 2690 2603 2767 propter
2642 2672 2755 2741 in-

835 2781 1026 2877 genii
1057 2782 1629 2878 magnitudinem
1658 2807 1736 2855 ac
1763 2785 2280 2876 praestantiam,
2318 2784 2435 2851 vel
2457 2797 2751 2876 propter

833 2913 1126 2981 morum
1149 2894 1563 2967 suavitatem
1599 2910 1673 2967 et
1696 2893 2107 2967 comitatem
2126 2944 2149 2981 ,
2180 2895 2297 2965 vel
2312 2914 2605 2988 propter
2628 2890 2752 2962 ali·

835 2999 1018 3092 quid
1058 3004 1213 3073 tale.
2042 3068 2045 3079 ,
2578 3013 2582 3017 ’

939 3111 1166 3213 Quod
1205 3131 1284 3185 ut
1329 3115 1597 3193 facilius
1637 3114 1963 3201 credam,
2007 3112 2171 3187 facit
2204 3116 2315 3185 vel
2362 3112 2459 3216 Q.
2493 3112 2755 3183 Lucre·-

837 3219 978 3295 tius
1031 3224 1390 3317 Vespillo,
1435 3228 1919 3318 iurisperitus,
1960 3250 2185 3316 quem
2232 3238 2755 3294 commemorat

842 3330 945 3403 M.
987 3332 1266 3405 Tullius
1315 3334 1390 3403 in
1434 3332 1692 3405 Bruto:
1748 3335 1862 3403 vel
1908 3333 2003 3433 Q.
2059 3330 2423 3403 Lucretius
2478 3328 2751 3415 Ofella,

843 3444 1070 3532 quem
1105 3442 1306 3541 idem·
1339 3442 1617 3513 ibidem
1666 3442 1904 3515 scribit
1948 3442 2295 3535 aptiorem
2339 3440 2543 3513 fuisse
2578 3464 2759 3511 con-

845 3548 1212 3635 cionibus,
1243 3575 1456 3642 quam
1499 3550 1806 3636 iudiciis;
1851 3547 1943 3621 de
1980 3574 2133 3642 quo
2164 3545 2449 3621 fortasse
2481 3567 2553 3620 et
2580 3550 2756 3622 Vel·
2822 3640 2833 3649 ἱ

843 3660 1021 3731 leius
1076 3660 1475 3731 Paterculus
1522 3662 1677 3731 libr.
1709 3661 1793 3729 Π.
1845 3660 2057 3731 verba
2099 3658 2305 3729 facit:
2358 3662 2473 3730 vel
2514 3660 2753 3753 potius

845 3770 1020 3839 alter
1065 3768 1426 3842 Lucretius
1470 3770 1832 3862 Vespillo,
1877 3771 2075 3840 cuius
2106 3768 2207 3838 M.
2234 3770 2509 3841 Tullius
2547 3792 2752 3841 men-

843 3879 1119 3951 tionem
1168 3879 1332 3954 facit
1375 3880 1532 3953 libr.
1574 3881 1765 3955 V111.
1802 3880 1893 3953 ad
1938 3878 2155 3955 AttiC.
2180 3876 2393 3973 Epist.
2436 3904 2501 3969 5.
2548 3896 2619 3950 et
2668 3877 2749 3948 C.

3014 4948 3110 4979 ,Δ
