3117 5050
860 458 1265 538 LIBER
1346 459 1481 523 VI.
1562 459 1806 540 v.198.
1936 517 1968 542 'x
2173 449 2290 542 21'9

384 605 681 670 Nubibus
694 651 714 688 ,
737 604 808 668 in
830 593 1175 688 caveisque
1199 607 1491 668 ferarum
1520 625 1706 669 more
1725 603 2095 672 minantum
2125 597 2164 624 ⁶

386 709 577 770 Nunc
601 708 783 789 hinc,
806 731 984 773 nunc
1008 709 1199 774 illinc
1226 709 1525 774 fremitus
1558 731 1679 791 per
1707 710 1940 774 nubila
1965 713 2264 793 mittum

388 814 916 898 Quaerentesque
934 815 1113 878 viam
1140 813 1849 893 circumversantur,et
1868 816 2043 903 ignis

342 927 348 939 ’
390 917 652 978 Semina
672 921 1075 982 convolvunt
1094 939 1132 980 e
1154 917 1473 1006 nubibus<3
1502 931 1702 999 atque
1719 918 1812 982 ita
1841 929 2086 1006 cogunt

388 1020 596 1082 Multa
616 1066 639 1100 ,
661 1031 1011 1102 rotantque
1034 1020 1209 1084 cavis
1238 1021 1574 1082 flammam
1602 1020 1980 1087 fornacibus
2005 1022 2180 1092 intus
2195 1067 2217 1105 ,

390 1121 621 1184 Donec
644 1122 897 1185 divolsa
927 1123 1253 1203 fulserunt
1276 1123 1454 1183 nube
1482 1120 1758 1184 corusci.

472 1231 617 1290 Hac
642 1226 836 1290 etiam
869 1225 943 1288 fit
968 1225 1069 1288 uti
1092 1228 1178 1289 de
1202 1245 1394 1288 causa
1415 1225 1680 1288 mobilis
1707 1226 1824 1289 ille

390 1329 674 1393 Devolet
696 1329 770 1392 in
798 1341 1038 1393 terram
1066 1328 1309 1410 liquidi
1338 1331 1523 1394 color
1548 1349 1786 1392 aureus
1811 1331 2017 1417 ignis3

394 1433 663 1496 Semina
692 1437 873 1516 quod
898 1434 1135 1498 nubeis
1156 1435 1331 1518 ipsas
1362 1427 1693 1516 permflta
1719 1455 1976 1500 necesse
2003 1445 2100 1500 est

396 1536 579 1621 Ignis
600 1537 881 1601 habere:
912 1536 1188 1619 etenim,
1210 1557 1413 1619 quom
1432 1549 1584 1601 sunt
1607 1541 1885 1604 humore
1909 1539 2051 1603 sine
2071 1541 2240 1622 ullo,

397 1643 769 1707 Flammeus
790 1652 882 1704 est
913 1645 1304 1724 plerumque
1335 1646 1513 1707 colos
1542 1653 1608 1706 et
1631 1643 2014 1727 splendidus
2037 1645 2208 1712 ollis.

398 1745 665 1831 Quippe
684 1747 925 1810 etenim
950 1749 1109 1811 solis
1128 1747 1486 1818 delumine
1511 1749 1723 1813 multa
1751 1770 2010 1814 necesse
2039 1761 2131 1816 est

400 1850 767 1932 Concipere
782 1895 801 1932 ,
825 1862 897 1914 ut
918 1852 1155 1915 merito
1181 1856 1486 1934 rubeant,
1516 1853 1862 1938 igneisque
1878 1856 2308 1937 profundant.

400 1958 613 2018 Hasce
627 1954 833 2040 igitur
856 1977 1059 2036 quom
1080 1969 1317 2022 ventus
1339 1980 1537 2044 agens
1563 1959 1877 2022 contrusit
1898 1958 1972 2020 in
1996 1981 2206 2030 unum

402 2065 929 2147 compressitque
953 2068 1177 2128 locum
1204 2086 1474 2152 cogens;
1505 2084 1805 2146 expressa
1826 2065 2243 2147 profundunt
2323 2092 2378 2152 -

402 2167 697 2248 Semina,
722 2187 889 2247 quae
910 2168 1163 2232 faciunt
1183 2170 1489 2232 flammae
1515 2169 1769 2253 fulgere
1800 2170 2070 2232 colores.
2195 2172 2310 2232 21³

487 2271 710 2356 Fulgit
740 2272 895 2332 item
912 2317 931 2353 ,
957 2293 1159 2352 quom
1186 2284 1521 2338 rarescunt
1548 2293 1813 2352 quoque
1836 2270 2066 2337 nubila
2081 2271 2272 2336 coeli.

406 2373 601 2453 Nam,
624 2392 823 2452 quom
846 2383 1079 2437 ventus
1100 2393 1207 2436 eas
1230 2373 1464 2436 leviter
1480 2372 1732 2437 diducit
1755 2372 2037 2455 eunteis,

406 2476 885 2561 Dissolvitque,
920 2481 1157 2541 cadant
1183 2477 1458 2567 ingratis
1490 2479 1610 2543 illa
1637 2499 1898 2545 necesse
1931 2487 2027 2541 est

408 2581 695 2663 Semina,
724 2604 893 2663 quae
916 2583 1167 2646 faciunt
1194 2584 1553 2669 fulgorem:
1590 2594 1730 2645 tum
1757 2584 1903 2645 sine
1934 2590 2141 2643 taetro

408 2685 687 2750 Terrore
714 2697 774 2749 et
800 2687 1029 2758 sonitis
1052 2685 1279 2771 fulgit,
1310 2689 1626 2767 nulloque
1655 2688 1959 2747 tumultu.

491 2788 689 2869 Quod
706 2794 1029 2867 superest,
1053 2783 1232 2865 quali
1254 2796 1491 2868 natura
1512 2784 1813 2867 praedita
1837 2792 2130 2847 constent

414 2892 751 2973 Fulmina,
777 2894 1112 2959 declarant
1134 2891 1329 2971 ictus,
1373 2900 1433 2953 et
1464 2890 1681 2954 inusta
1710 2910 1959 2974 vapore
1993 2954 2004 2967 ,

414 2996 645 3084 Signa,
680 3010 1035 3081 notaeque,
1058 2997 1317 3083 graveis
1342 2998 1640 3063 halantes
1669 2995 2002 3080 sulphuris
2023 3014 2238 3059 auras.

341 3156 354 3169 .
416 3102 598 3189 Ignis
620 3101 797 3164 enim
816 3113 973 3185 'sunt
998 3104 1193 3183 haec,
1212 3122 1351 3179 non
1377 3102 1561 3165 venti
1575 3102 1794 3186 signa,
1821 3121 2037 3180 neque
2067 3096 2317 3161 imhriS.

498 3208 861 3295 Praeterea,
875 3224 1068 3288 saepe
1090 3206 1456 3269 accendunt
1478 3225 1742 3285 quoque
1764 3215 1927 3267 tecta
1951 3206 2320 3295 domorum,

418 3313 501 3374 Et
522 3311 719 3375 celeri
738 3313 1004 3373 flamma
1031 3309 1459 3375 dominantur
1478 3310 1548 3374 in
1571 3308 1845 3373 aedibus
1866 3309 2045 3392 ipsi-s.

419 3416 619 3482 Hune
651 3416 771 3478 tibi
793 3414 1102 3507 subtilem
1128 3436 1280 3479 cum
1306 3413 1537 3498 primis
1564 3414 1830 3503 ignibus
1851 3413 2078 3501 ignem

420 3522 769 3587 Constituit
796 3533 1029 3587 natura
1052 3521 1324 3587 minutis
1348 3519 1640 3585 motibus
1674 3529 1874 3599 atque

424 3625 855 3709 Corporibus,
882 3626 1040 3707 quoi
1072 3627 1171 3689 nil
1194 3621 1815 3697 omninoobsistere
1846 3619 2064 3702 possit.

425 3728 686 3792 Transit
712 3728 891 3809 enim
917 3727 1483 3799 validumfulmen
1516 3747 1637 3809 per
1653 3735 1876 3808 saepta
1903 3726 2281 3804 domorum,

430 3832 695 3895 Clamor
714 3824 839 3916 uti,
865 3852 942 3917 ac
969 3851 1187 3913 voces3
1214 3830 1444 3903 transit
1459 3851 1582 3915 per
1604 3849 1759 3897 saxa
1771 3875 1790 3913 ,
1809 3850 1930 3913 per
1949 3848 2132 3909 aera3
