3117 5050
830 418 1249 531 ‚menn
1326 446 1484 517 111.
1539 414 1809 531 'maga
2081 422 2088 433 “
2211 447 2288 530 95

381 560 599 691 Quam
624 596 987 686 primordia
1009 594 1359 677 sentiscant
1384 614 1696 661 concussa
1729 568 1978 671 animai·
1991 640 2013 676 ,

380 708 644 783 Semina
657 754 679 789 ,
703 703 1086 789 corporibus
1110 702 1351 768 nostris
1372 699 1674 765 immixta
1703 720 1823 785 per
1849 710 2060 777 artus;
2170 784 2174 789 ¹
2215 772 2224 783 ι

380 813 461 873 Et
487 829 717 891 quam,
744 804 1110 870 intervallis
1142 802 1339 872 tantis
1371 802 1720 867 tuditantia
1737 846 1760 885 ,
1785 800 2090 885 possint

374 921 787 1005 ‚concursare
803 958 824 996 ,
856 912 1065 995 coire,
1096 922 1162 977 et
1188 911 1533 977 dissultare
1565 908 1876 975 vicissim.

459 1020 540 1081 Et
562 1019 768 1104 magis
796 1025 890 1087 est
918 1014 1179 1102 animus
1196 1014 1366 1075 vitai
1396 1013 1678 1076 claustra
1703 1017 2040 1105 coercens,

383 1126 461 1188 Et
483 1122 932 1187 dominantior
956 1122 1044 1183 ad
1077 1118 1279 1181 vitam
1294 1164 1317 1203 ,
1356 1138 1582 1199 quam
1588 1115 1690 1181 vis
1715 1119 1982 1183 animai.

381 1231 561 1291 Nam
574 1228 715 1291 sine
733 1234 950 1289 mente
967 1221 1322 1303 animoque
1342 1220 1572 1301 nequit
1592 1221 1876 1285 residere
1898 1244 2019 1305 per
2045 1230 2231 1291 artus

382 1332 729 1416 Temporis
753 1329 1057 1416 exiguam
1087 1335 1342 1410 partem
1376 1344 1528 1408 pars
1554 1326 1696 1387 ulla
1721 1326 2006 1389 animai:

381 1436 512 1497 Sed
538 1450 753 1495 comes
775 1427 1143 1508 insequitur
1162 1426 1373 1507 facul,
1402 1434 1468 1493 et
1490 1424 1764 1490 discedit
1789 1427 1862 1489 in
1889 1448 2116 1512 auras5

384 1534 465 1594 Et
484 1529 737 1624 gelidos
760 1537 939 1591 artus
957 1526 1029 1589 in
1064 1525 1182 1589 leti
1219 1524 1467 1613 frigore
1494 1524 1762 1607 linquit.

383 1640 468 1699 At
490 1645 709 1701 manet
726 1634 800 1697 in
820 1632 983 1715 vita,
1016 1632 1179 1715 quoi
1204 1617 1389 1699 mens
1417 1630 1808 1713 animusque
1829 1630 2175 1717 remansit,

388 1720 706 1829 Quamvis
726 1751 819 1803 est
847 1738 1095 1803 circum
1117 1739 1319 1805 caesis
1343 1741 1521 1803 lacer
1542 1736 1840 1820 undique
1857 1738 2204 1808 memhris:

384 1835 703 1928 Truncus,
724 1847 983 1909 ademta
995 1845 1218 1909 anima
1239 1846 1511 1929 circum,
1522 1845 2296 1931 membrisque-remotus,

386 1954 607 2039 Vivit,
639 1967 700 2018 et
738 1954 1058 2019 aetherias
1079 1954 1337 2021 vitaleis
1366 1953 1638 2038 suscipit
1666 1973 1894 2032 auras3
2257 1936 2262 1943 ⁶

386 2060 455 2123 Si
482 2080 619 2123 non
639 2057 1069 2140 omnimodis,
1100 2067 1166 2120 at
1198 2078 1441 2143 magna
1462 2068 1682 2140 parte,
1716 2058 1968 2126 animat

384 2164 684 2227 Privatus
702 2209 723 2246 ,
757 2172 975 2225 tamen
997 2162 1069 2223 in
1090 2160 1228 2229 vita
1256 2170 1633 2245 cunctatur,
1666 2172 1732 2225 et
1752 2163 2000 2227 haeret.
2158 2166 2297 2253 408

260 2309 268 2316 -
385 2271 473 2331 Ut
492 2271 775 2335 lacerato
801 2268 996 2329 oculo
1022 2268 1305 2351 circum,
1344 2268 1404 2331 si
1430 2268 1690 2352 pupula
1717 2269 1961 2335 mansit

385 2370 771 2453 Incolumis,
798 2381 924 2434 stat
953 2372 1277 2460 cernundi
1314 2373 1849 2456 vivatapotestas
1877 2397 1898 2455 ς

385 2479 763 2556 Dummodo
788 2499 873 2542 ne
897 2486 1109 2544 totum
1129 2498 1513 2564 corrumpas
1538 2479 2098 2567 luminisorbem,

387 2587 515 2650 Sed
542 2585 967 2650 circumcidas
996 2586 1243 2671 aciem,
1260 2589 1604 2669 solamque
1624 2589 1996 2668 relinquas3

384 2695 465 2755 Id
497 2712 759 2774 quoque
794 2693 972 2756 enim
991 2693 1134 2756 sine
1156 2693 1449 2774 pernicie
1478 2711 1618 2756 non
1643 2691 1759 2756 fiet
1787 2711 2048 2765 eorum:

384 2795 506 2875 At,
531 2795 589 2858 si
624 2798 872 2860 tantula
896 2814 1051 2878 pars
1071 2794 1250 2858 oculi
1284 2793 1501 2872 media
1522 2793 1641 2856 illa
1663 2813 1894 2877 peresa
1915 2802 2034 2874 est,

389 2897 646 2961 Occidit
668 2897 1001 2981 extemplo
1024 2897 1254 2962 lumen
1270 2943 1289 2980 ,
1325 2899 1766 2980 tenebraeque
1790 2906 2194 2980 sequuntur,

388 3001 743 3066 Incolumis
772 3002 1073 3084 quamvis
1102 3002 1353 3086 alioqui
1373 3004 1761 3086 splendidus
1783 3005 1982 3068 orbis.

388 3108 535 3170 Hoc
556 3105 777 3186 anima
789 3115 986 3186 atque
1001 3106 1266 3170 animus
1278 3107 1485 3194 iuncti
1508 3119 1664 3178 sunt
1688 3109 1953 3172 foedere
1975 3125 2256 3194 semper.

469 3212 528 3271 N
531 3230 660 3272 unc
678 3225 834 3296 age,
858 3208 1117 3272 nativos
1144 3209 1592 3307 animantibtu
1610 3221 1675 3275 et
1700 3213 2033 3276 mortalcis

389 3313 541 3378 Esse
566 3314 856 3394 animos,
884 3312 1270 3392 animasque
1290 3312 1492 3378 leveis
1509 3359 1529 3395 ,
1570 3324 1641 3377 ut
1673 3335 1941 3380 noscere
1960 3315 2202 3402 possin

374 3414 773 3510 ‘conquisita
800 3415 914 3477 diu
933 3461 954 3498 ,
980 3415 1292 3496 dulcique
1321 3428 1582 3588 rlegerta
1609 3420 1871 3504 labore,

390 3522 611 3610 Digna
639 3534 757 3616 tua⁸
767 3545 1041 3612 pergam
1067 3525 1342 3608 dispone
1445 3527 1742 3592 carmina
1771 3528 1924 3594 vita.

389 3631 491 3696 Tu
515 3632 656 3696 face
678 3643 1029 3714 utrumque
1053 3651 1189 3696 uno
1208 3633 1864 3719 subiungasnomine
1891 3655 2120 3700 eorum
2131 3681 2178 3718 „

393 3740 605 3819 Atque
624 3740 914 3814 animam
930 3786 949 3821 ,
980 3740 1172 3812 verbi
1192 3755 1417 3823 causa,
1446 3760 1651 3821 quom
1674 3742 1891 3806 dicere
1911 3761 2211 3838 pergam,

394 3846 742 3927 Mortalem
760 3867 895 3922 esse
916 3845 1504 3926 docens-,animum
1522 3845 2024 3940 quoquediccre
2042 3846 2293 3910 credas:
