3117 5050
914 483 992 532 ao
1321 452 1881 526 DE'RERUM
1931 460 2373 524 NATURA
2492 481 2557 523 v.
2601 463 2736 540 5⁰4·

985 601 1347 686 Principio,
1369 600 1685 682 quoniam
1706 602 1953 684 duplex
1974 601 2213 668 natura
2234 605 2519 668 duarum

901 712 1250 782 Dlssimilis
1279 731 1501 774 rerum
1532 712 1734 800 longe
1762 720 2061 775 constare
2090 722 2355 796 reperta
2378 723 2505 797 est,

901 818 1239 904 Corporis,
1261 828 1459 900 atque
1476 818 1640 899 loci,
1674 837 1781 881 res
1809 815 1885 881 in
1913 836 2049 898 quo
2068 823 2369 900 quaeque
2386 825 2741 904 geruntur3

899 929 1051 991 Esse
1075 935 1424 1006 utramque
1451 921 1584 988 sibi
1607 943 1842 1006 perse,
1876 943 2247 1007 puramque
2264 971 2285 1007 ,
2305 943 2567 992 necesse
2582 934 2709 988 est:

831 1024 836 1035 '
894 1035 1062 1096 Nam
1079 1049 1471 1113 quacunque
1495 1017 1688 1094 vacat
1701 1029 2023 1114 spatium,
2048 1031 2231 1111 quod
2247 1028 2447 1092 inane
2460 1029 2807 1108 vocainus3

894 1139 1150 1219 Corpus
1181 1157 1260 1200 ea
1285 1155 1426 1199 non
1445 1146 1577 1201 est:
1606 1153 1739 1219 qua
1763 1155 1969 1219 porro
2000 1157 2261 1218 cunque
2288 1143 2478 1200 tenet·
2490 1157 2559 1200 se

890 1245 1172 1326 Cor-pm,
1193 1259 1272 1306 ea
1291 1261 1576 1306 vacuum
1610 1261 2031 1324 nequaquam
2052 1251 2307 1308 constat
2328 1240 2544 1306 inane.

886 1349 1052 1412 Sunt
1081 1347 1285 1434 igitur
1307 1347 1549 1429 solida,
1577 1367 1655 1414 ac
1682 1348 1823 1411 sine
1846 1346 2070 1429 inani,
2104 1363 2385 1430 corpora
2404 1345 2641 1429 prima.

967 1458 1341 1534 Praeterea,
1366 1453 1685 1537 quoniam
1713 1453 1949 1541 genitis
1982 1454 2052 1518 in
2073 1455 2271 1518 rebus
2290 1441 2489 1517 inane
2504 1462 2598 1516 est
2616 1451 2650 1535 ,¹

883 1561 993 1624 Ma
1001 1559 1226 1622 teriem
1249 1559 1500 1622 circum
1515 1557 1797 1621 solidam
1822 1568 2121 1622 constare
2154 1576 2415 1622 necesse
2444 1556 2564 1622 est=

881 1650 1017 1725 Nec
1031 1662 1144 1736 'res
1177 1661 1316 1724 ulla
1337 1667 1548 1742 potest
1570 1677 1728 1722 vera
1754 1659 2009 1723 ratione
2031 1656 2302 1742 probari

882 1764 1173 1844 Corpore
1200 1760 1400 1824 inane
1424 1781 1547 1825 suo
1574 1765 1789 1827 celare
1812 1773 2009 1844 atque
2034 1762 2213 1828 intus
2234 1765 2511 1845 hahere,

877 1861 947 1925 si
971 1883 1137 1944 non,
1166 1867 1346 1946 quod
1385 1865 1684 1947 cohibet,
1716 1861 2005 1930 solidum
2032 1875 2329 1934 constare
2352 1865 2708 1951 relinquas.

878 1971 958 2032 Id
982 1990 1184 2054 porro
1210 1970 1381 2035 nihil
1401 1993 1541 2037 esse
1570 1983 1811 2056 potest,
1838 1973 1964 2036 nisi
1983 1973 2283 2037 materiai

876 2075 1250 2140 Concilium
1267 2125 1287 2161 ,
1321 2080 1502 2158 quod
1526 2078 1725 2142 inane
1754 2090 1951 2159 queat
1982 2087 2224 2144 tectum
2260 2079 2587 2147 cohibere.

875 2182 1178 2245 Materies
1201 2181 1432 2266 igitur,
1455 2173 1671 2245 solido
1692 2203 1861 2270 quae
1884 2194 2159 2266 corpore
2182 2198 2459 2271 constat,
2665 2188 2783 2273 519

874 2285 1029 2346 Esse
1047 2295 1313 2346 aeterna
1333 2293 1578 2365 potest,
1619 2303 1824 2364 quom
1858 2292 2073 2347 cetera
2108 2287 2569 2356 dissolvantur.

956 2389 1128 2451 Tum
1157 2407 1360 2472 porro
1379 2434 1399 2469 ‚
1429 2387 1486 2451 si
1505 2388 1605 2450 nil
1632 2398 1823 2470 esset,
1854 2391 2035 2469 quod
2064 2388 2263 2457 inane
2294 2407 2591 2480 vacaret,

875 2499 1093 2561 Omne
1117 2499 1285 2561 foret
1307 2495 1639 2565 solidum:
1678 2496 1807 2561 nisi
1826 2507 2056 2562 contra
2084 2517 2362 2585 corpora
2390 2501 2570 2571 certa

873 2608 1130 2690 Essent,
1171 2626 1343 2689 quae
1363 2606 1510 2669 loca
1531 2607 1963 2689 complerent,
1995 2619 2427 2693 quaecunque
2446 2623 2771 2696 tenerent3

747 2700 754 2713 '
873 2717 1120 2797 Omne,
1141 2716 1323 2797 quod
1350 2722 1476 2796 est,
1495 2712 1815 2797 spatium,
1836 2734 2119 2779 vacuum
2143 2729 2467 2785 constaret
2488 2721 2709 2787 inane.

869 2816 1157 2879 Alternis
1179 2814 1382 2902 igitur
1410 2816 1732 2879 nimirum
1764 2837 2000 2900 corpus
2026 2817 2213 2885 inani

864 2923 1297 3002 Distinctum3
1339 2923 1657 3005 quoniam
1685 2944 1807 2987 nec
1832 2926 2107 3007 plenum
2126 2928 2427 3014 gnaviter
2450 2936 2691 3013 exstat3

865 3028 1002 3091 Nec
1030 3048 1234 3111 porro
1261 3047 1581 3090 vacuum:
1610 3036 1764 3117 sunt
1789 3049 1951 3116 ergo
1980 3052 2258 3114 corpora
2295 3045 2505 3117 certa,

821 3194 826 3203 ,
857 3136 1051 3219 Quae
1072 3124 1358 3218 spatium
1386 3136 1590 3217 pleno
1624 3135 1875 3219 possint
1894 3136 2298 3227 distinguere
2333 3142 2553 3207 inane.

939 3244 1120 3309 Haec
1141 3263 1356 3323 neque
1387 3242 1655 3309 dissolvi
1688 3243 1937 3331 plagis,
1974 3247 2377 3315 extrinsecus
2404 3250 2564 3334 icta,

857 3345 1161 3423 Possunt;
1189 3365 1312 3409 nec
1343 3366 1544 3427 porro
1556 3348 1863 3431 ,penitus
1881 3360 2221 3432 penetrata
2234 3398 2257 3435 ,
2281 3354 2525 3433 retexi3

854 3450 988 3510 Nec
1009 3448 1264 3513 ratione
1293 3460 1544 3531 queunt
1574 3451 1709 3515 alia
1735 3462 1981 3517 tentata
2004 3454 2269 3521 labare:

851 3552 930 3613 Id
952 3552 1132 3632 quod
1154 3551 1288 3619 iam
1307 3575 1507 3638 supra
1529 3554 1653 3621 tibi
1681 3558 1913 3640 paullo
1938 3558 2339 3629 ostendimus
2363 3572 2535 3628 ante.

849 3658 909 3719 N
910 3676 1251 3736 am-neque
1275 3660 1522 3723 conlidi
1539 3660 1693 3725 'sine
1719 3661 1908 3727 inani
1936 3684 2125 3749 posse
2145 3662 2408 3734 videtur

845 3759 1249 3847 Quidquam,
1291 3784 1414 3827 nec
1439 3766 1687 3853 frangi,
1726 3790 1851 3833 nec
1876 3767 2045 3835 findi
2075 3769 2147 3837 in
2180 3772 2341 3839 bina
2364 3752 2680 3839 secando:

845 3870 977 3929 Nec
999 3884 1236 3949 capere
1253 3867 1603 3935 humorem
1617 3918 1638 3955 ,
1677 3894 1893 3955 neque
1912 3874 2073 3939 item
2092 3881 2423 3947 manabile
2441 3881 2678 3969 frigus,
