3117 5050
1057 437 1171 532 'v
1265 454 1299 527 1
1394 455 1466 526 T
1561 453 1647 526 A.
1948 495 1953 503 .
2178 453 2326 530 xm

417 637 663 709 scunt,
709 620 989 694 morbis‘
1028 635 1338 692 aestuare
1399 637 1621 713 atque
1668 617 1977 689 afflictari
2033 612 2330 692 videret,

417 731 559 803 Alii
603 733 1043 829 aegritudine
1093 731 1353 818 animi,
1406 730 1615 824 quod
1640 728 1967 836 Memmii
2006 731 2150 819 sui,
2200 735 2331 826 qui
2409 799 2422 808 ,

416 841 492 912 in
553 842 878 913 exsilium
933 844 1176 936 pulsus
1233 856 1418 926 erat,
1482 840 1755 910 tristem
1804 863 2041 912 casum
2091 865 2331 940 aequo

303 1023 308 1030 ,
415 950 660 1022 animo
696 950 872 1022 ferre
909 974 1060 1022 non
1091 969 1342 1044 posset,
1379 950 1524 1020 Alii
1546 949 1787 1022 furore
1823 953 2176 1045 percitum
2200 953 2332 1040 ,in

419 1060 993 1154 quemLucilla,
1027 1060 1169 1130 sive
1218 1083 1439 1145 uxor,
1489 1059 1643 1129 sive·
1672 1059 1894 1130 amica
1918 1109 1941 1146 ,
1985 1060 2331 1130 amatorio

415 1173 686 1264 poculo
715 1188 1084 1265 porrecto„
1123 1194 1296 1242 eum
1323 1167 1738 1262 imprudens
1755 1167 2123 1268 adegerat,
2160 1191 2333 1244 cum

415 1279 522 1348 ab·
556 1302 644 1348 eo
690 1279 944 1364 amari,
979 1301 1132 1348 non
1170 1277 1236 1347 ei
1269 1301 1522 1348 necem
1562 1275 1855 1366 inferre,
1900 1291 2026 1346 aut
2058 1275 2333 1350 bonam

418 1403 742 1457 mentem
779 1385 1092 1456 adimere
1135 1387 1370 1458 vellet.

521 1494 892 1597 Quoniam
915 1511 1158 1566 autem
1177 1495 1271 1565 de
1297 1519 1599 1570 numero
1634 1494 1984 1568 librorum
2007 1521 2048 1566 a
2066 1497 2336 1594 Igucre-

418 1605 525 1674 tio
562 1603 983 1696 scriptorum
1017 1605 1352 1676 nonnulli
1387 1604 1808 1676 dubitarunt
1829 1653 1853 1692 ,
1884 1623 1957 1676 et
1976 1606 2337 1678 levissimis

419 1713 850 1808 argumentis
875 1713 1199 1801 adducti,
1230 1716 1467 1807 plures
1497 1708 1718 1807 quam
1748 1739 1871 1786 sex
1895 1714 1989 1786 ab
2010 1739 2099 1787 eo
2124 1717 2336 1812 scrip-

418 1837 529 1892 tos
555 1845 696 1906 esse
729 1821 1254 1909 existimarunt,
1305 1822 1591 1928 ⁴videtur
1616 1824 1733 1893 hic
1768 1847 1959 1894 error
1998 1825 2337 1898 minuen-

421 1927 558 1998 dus
580 1980 602 2017 ,
634 1946 852 2021 atque
879 1930 1047 2000 haee
1080 1929 1438 2003 dubitatio
1472 1932 1809 2003 tollenda.
1848 1930 2179 2004 Omnino
2204 1934 2342 2030 igi--

419 2053 538 2108 tur
581 2062 708 2108 sex
741 2036 958 2108 libros
999 2037 1374 2109 dumtaxat
1411 2038 1503 2109 de
1547 2056 1796 2109 natura
1830 2063 2071 2110 rerum
2116 2039 2335 2131 scrip-

415 2147 506 2219 sit
536 2147 628 2217 T.
676 2147 1042 2219 Lucretius
1087 2147 1320 2220 Carus.
1365 2147 1587 2220 Cuius
1627 2150 1731 2219 rei
1768 2172 1937 2220 cum
1976 2149 2116 2221 sint
2156 2149 2335 2220 mihi

414 2255 537 2325 illa
577 2269 882 2348 quoque
907 2273 1322 2352 argumenta
1360 2278 1512 2328 non
1545 2255 1938 2328 imbecilla:
1968 2257 2285 2351 primum
2308 2309 2337 2346 ,

421 2363 626 2456 quod
655 2365 1092 2462 grammatici
1129 2384 1439 2452 veteres,
1476 2366 1740 2458 aliique
1768 2367 2175 2459 scriptores„
2208 2366 2335 2438 Fe-

419 2491 606 2565 stus,
653 2475 979 2569 Nonius,
1033 2477 1470 2566 Diomedes,
1523 2476 1958 2565 Priscianus,
2009 2476 2335 2566 Probus,

419 2586 716 2659 Carisius
737 2639 760 2677 ,
799 2588 1163 2676 DonatuS,
1199 2587 1520 2677 Servius,
1544 2589 2067 2675 Tertullianus,
2102 2590 2339 2661 Arno·-
2446 2652 2451 2657 .

407 2694 620 2785 -bius,
659 2695 1097 2783 Lactantius,
1157 2697 1444 2767 nullum
1487 2696 1797 2796 Lucretii
1838 2696 2111 2771 librum
2154 2699 2337 2770 ultra

357 2812 368 2831 “
421 2820 703 2875 sextum
730 2820 1320 2875 commemorant.
1362 2802 1685 2895 Deinde,
1726 2804 1930 2898 quod
1955 2804 2175 2878 exhis
2210 2828 2339 2877 sex

419 2911 618 2983 libris
663 2914 822 2999 solis
849 2932 1002 2984 tota
1050 2910 1334 3003 Epicuri
1385 2911 1571 2981 ratio
1594 2904 1655 3000 ,J
1672 2914 2019 2985 sententia
2066 2934 2147 2983 ac
2199 2911 2339 2981 do·-

423 3021 687 3108 ctrina,
735 3045 920 3113 quae
962 3017 1266 3111 quidem
1313 3016 1410 3087 ad
1451 3036 1743 3091 naturae
1778 3016 2333 3111 explicationem

420 3129 799 3220 pertineat,
831 3125 1278 3209 continetur3
1307 3147 1546 3217 neque
1574 3125 1975 3217 quidquam
2000 3123 2338 3214 amplius,

423 3234 630 3327 quod
674 3237 834 3328 quis
876 3236 967 3306 de
1001 3260 1078 3304 ea
1110 3234 1345 3305 dicere
1379 3252 1631 3325 queat,
1674 3232 2035 3323 reliquum
2075 3246 2195 3301 est.
2245 3228 2339 3303 Et

423 3361 665 3416 tamen
713 3345 942 3415 multa
991 3344 1086 3414 de
1133 3343 1615 3429 continentia,
1669 3363 1741 3413 et
1786 3341 2217 3437 parcimonia
2256 3340 2337 3411 in

421 3454 660 3541 victu,
702 3453 793 3522 de
837 3452 1234 3524 honoribus
1279 3449 1867 3535 contemnendis,
1914 3448 2007 3519 de
2048 3448 2331 3544 luxuria

425 3580 500 3636 et
543 3565 846 3636 mollitie
892 3563 1371 3657 aspernanda,
1427 3581 1498 3633 et
1536 3562 1629 3663 de
1676 3561 1918 3633 ceteris
1962 3585 2200 3631 rerum
2242 3558 2339 3633 ad

423 3672 949 3767 philosophiam
1001 3673 1343 3746 moralem
1369 3672 1915 3765 ¹pertinentibus
1960 3668 2331 3763 accedunt.

524 3785 918 3856 Consilium
971 3782 1286 3875 denique
1332 3780 1646 3877 Lucretii
1694 3796 1844 3868 est,
1890 3780 2105 3851 animi
2146 3797 2339 3856 tran-

425 3894 892 3987 quillitatem,
921 3912 993 3967 et
1015 3884 1304 3992 arrae&
1322 3892 1556 3981 illam,
1592 3914 1814 3983 quam
1841 3888 2095 3988 crebro
2117 3886 2337 3959 habe-
