3117 5050
753 461 810 520 x
1207 441 2179 516 T-LUCRETII

851 603 1028 678 Satis
1064 624 1236 674 vero
1268 549 1635 674 interdum
1680 602 1913 674 mirari
1952 625 2103 672 non
2132 625 2460 696 possum,
2484 623 2677 696 quae

755 731 950 788 tanta
985 711 1200 784 fuerit
1240 711 1315 781 in
1356 711 1807 817 Quintiliano
1842 710 2091 808 iudicii
2118 712 2567 805 perversitas,
2596 729 2683 786 ut

753 821 1074 918 primum
1121 844 1290 892 cum
1330 820 1576 893 Macro
1616 821 2076 907 Lucretium,
2133 821 2275 892 hoc
2315 839 2458 909 est,
2506 821 2678 893 cuin
2769 899 2778 907 ἱ

753 951 1000 1000 musca
1041 929 1544 1020 elephantum,
1586 928 2041 1022 compararit,
2088 951 2257 1000 cum
2309 930 2448 1000 sint
2491 929 2681 1001 inter

753 1061 826 1108 se
852 1038 1164 1108 maxime
1189 1035 1494 1130 dispares
1521 1061 1603 1108 ac
1640 1036 2023 1111 dissimiles,
2086 1035 2411 1110 Macrum
2435 1053 2680 1108 autem

755 1171 930 1218 eum
954 1147 1309 1244 significO,
1347 1172 1573 1240 quem
1620 1146 2115 1250 Quintilianus
2150 1162 2462 1222 noverat.
2494 1145 2679 1217 Nam

753 1257 810 1326 is
833 1307 854 1342 ,
889 1257 1016 1348 qui
1045 1256 1261 1328 hodie
1305 1275 1406 1328 est
1441 1257 1514 1326 in
1545 1255 1912 1340 manibus,
1960 1279 2115 1327 non
2138 1272 2241 1329 est
2266 1251 2507 1326 Macer
2527 1279 2681 1352 ger·

702 1366 710 1374 ⁵
755 1389 1053 1454 manus,
1107 1368 1228 1437 sed
1257 1371 1432 1438 alius
1461 1365 1765 1459 quidam
1794 1364 2343 1459 pseudomacer,
2384 1361 2463 1432 in
2498 1363 2685 1436 anti-

655 1539 660 1545 .
757 1474 888 1568 qui
923 1493 994 1546 et
1038 1479 1182 1548 veri
1213 1476 1428 1548 Macri
1463 1479 1711 1548 locum
1742 1473 2091 1546 subditus.
2155 1469 2441 1546 Deinde
2464 1473 2685 1568 scrip-v

754 1585 957 1674 serit,
987 1603 1384 1678 utrumque
1414 1612 1555 1657 esse
1585 1585 1881 1678 quidem
1914 1586 2335 1682 legendum,
2375 1585 2499 1656 sed
2527 1606 2685 1658 non

757 1710 845 1766 ut
901 1695 1222 1786 phrasin,
1270 1696 1346 1766 id
1393 1711 1538 1779 est,
1571 1717 1828 1786 corpus
1878 1693 2373 1786 eloquentiae,
2406 1692 2683 1764 faciant.

757 1805 1127 1882 Postremo
1159 1830 1235 1874 su
1246 1805 1609 1875 biunxerit
1634 1857 1656 1892 ,
1694 1805 2087 1901 elegantem
2112 1829 2255 1874 esse
2277 1822 2677 1896 utrumque

755 1916 836 1988 in
873 1937 996 1985 sua
1049 1917 1375 2002 materia3
1429 1917 1555 1986 sed
1592 1915 1895 1986 alterum
1938 1915 2331 2002 humilem,
2376 1915 2683 1986 alterum

743 2024 1145 2096 difficilem.
1195 2025 1374 2096 Nam
1407 2027 1729 2118 primum
1756 2024 2122 2098 Lucretius
2157 2049 2307 2097 non
2334 2024 2469 2096 fuit
2511 2050 2683 2098 cum

758 2133 1006 2204 Macro
1055 2136 1625 2227 comparandus,
1672 2154 2048 2228 propterea
2098 2137 2303 2228 quod
2338 2135 2517 2206 nihil
2566 2138 2721 2214 har
2800 2175 2805 2182 ·

759 2243 938 2316 bent
972 2247 1159 2318 inter
1181 2271 1254 2316 se
1289 2247 1533 2317 simile.
1594 2247 1877 2317 Dein'de
1911 2247 2117 2338 quod
2146 2265 2391 2344 negat,
2424 2247 2689 2316 Lucre·-

759 2351 843 2422 tii
889 2354 1273 2424 lectionem
1335 2355 1594 2425 oratori
1650 2355 1981 2446 prodesse
2020 2380 2233 2450 posse
2284 2355 2377 2426 ad
2426 2377 2687 2450 corpus

761 2463 1216 2555 eloquentiae
1243 2462 1874 2551 constituendum3
1908 2465 2083 2535 nihil
2114 2489 2435 2559 unquam
2458 2465 2687 2571 Quin·

759 2572 1038 2647 tilianus
1070 2576 1306 2647 minus
1347 2600 1512 2645 vere
1566 2579 1849 2658 locutus
1898 2594 2019 2651 est.
2056 2577 2247 2647 Nam
2291 2578 2435 2649 sive
2468 2576 2689 2647 verba

761 2682 1102 2776 simplicia
1122 2736 1142 2770 ,
1173 2708 1254 2752 ac
1278 2684 1563 2777 propria
1581 2736 1603 2771 ,
1634 2700 1706 2754 et
1736 2684 2226 2757 elocutionem
2253 2686 2473 2781 ipsam
2502 2708 2689 2779 spec·

762 2810 905 2880 tes,
935 2796 1178 2887 paucis
1213 2791 1618 2865 admodum
1647 2794 1878 2867 verbis
1916 2797 2272 2890 exceptis,
2305 2820 2492 2889 quae
2516 2807 2691 2888 poe-‘-

763 2918 836 2976 ta
861 2918 984 2974 aut
1029 2927 1160 2973 suo
1207 2904 1362 2975 iure
1401 2902 1614 2973 finxit
1634 2952 1657 2989 ,
1706 2922 1831 2974 aut
1856 2902 1947 2973 ab
1974 2904 2207 2975 Ennio
2234 2924 2309 2977 et
2349 2904 2499 2975 aliis
2528 2904 2691 2975 ficta

763 3012 1130 3105 usurpavit
1147 3064 1170 3101 ,
1201 3031 1436 3107 potest
1463 3029 1699 3087 orator
1724 3037 1815 3087 ex
1840 3016 2182 3085 sermonis
2204 3038 2459 3113 genere
2481 3066 2505 3103 ,
2534 3038 2691 3108 quo

745 3119 1129 3193 ‘Lucretius
1170 3140 1272 3195 est
1307 3148 1512 3212 usus,
1557 3124 1957 3218 orationem
2002 3149 2203 3195 suam
2231 3126 2505 3195 efficere
2545 3122 2694 3217 pri-2

763 3255 973 3302 mum
1011 3233 1375 3323 puriorem
1403 3252 1625 3326 atque
1647 3234 2179 3329 elegantiorem,
2206 3232 2477 3303 deinde
2511 3233 2693 3301 ube-

751 3345 1023 3415 'riorem
1055 3368 1132 3413 ac
1159 3345 1608 3417 nitidiorem:
1638 3346 1785 3416 sive
1812 3350 1885 3415 t‘e
1908 3345 2002 3414 ad
2024 3367 2265 3415 rerum
2295 3342 2694 3413 tractanda-

765 3476 930 3523 rum
955 3451 1301 3523 rationem
1335 3472 1744 3542 convertas,
1772 3454 2025 3539 habet,
2056 3450 2253 3523 unde
2276 3450 2501 3523 facere
2526 3473 2690 3543 pos-

767 3560 856 3633 sit
869 3563 1267 3665 orationem
1291 3563 1655 3637 elatiorem
1672 3616 1693 3651 ,
1719 3563 2193 3663 grandiorem,
2210 3561 2689 3633 excelsiorem.

866 3672 1513 3776 Quemadmodum
1545 3674 1739 3747 enim
1780 3674 1881 3745 M.
1909 3674 2191 3745 Tullius
2228 3671 2569 3743 Periclem
2604 3668 2691 3739 il-

764 3786 920 3855 lum
939 3836 962 3867 ,
991 3785 1119 3876 qui
1150 3784 1534 3881 fulgurare,
1559 3800 1807 3859 tonare
1830 3836 1853 3873 ,
1882 3784 2299 3878 permiscere
2325 3779 2693 3852 Graeciam

771 3892 1142 3967 dicebatur
1168 3947 1190 3983 ,
1227 3919 1314 3966 eo
1349 3896 1593 3967 ceteris
1621 3894 2017 3973 emtoribus
2041 3890 2457 3989 praestitisse
2481 3886 2691 3977 dicit,
