3117 5050
840 445 948 524 'sc
1291 461 1420 525 m:
1463 460 1835 526 RERUM
1876 459 2308 531 ,NATURA
2402 485 2469 526 v.
2513 465 2686 530 1008.

861 603 958 664 Ne
984 602 1218 684 possit,
1244 609 1482 664 natura
1503 610 1713 669 tenet:
1755 601 1913 683 quia
1938 623 2176 688 corpus
2206 602 2424 687 inani,

858 709 968 790 Et,
999 709 1181 788 quod
1197 707 1395 774 inane
1407 716 1633 772 autem
1654 716 1782 790 est,
1808 707 1989 774 finiri
2006 729 2281 794 eoa-pore
2316 710 2519 797 cogitt

858 811 946 870 Ut
971 807 1065 871 sie
1101 809 1370 873 alternis
1397 807 1658 877 infinita
1678 811 1910 876 omnia
1938 813 2191 876 reddat.

855 915 985 975 Aut
1003 909 1232 995 etiam,
1261 915 1653 980 altemirum
1675 915 1805 980 nisi
1826 915 2135 982 terminet
2156 919 2441 982 alterum
2460 935 2689 985 eorum
2702 964 2726 1002 ‚

855 1015 1160 1100 simplice
1191 1028 1458 1102 natura,
1487 1030 1563 1084 ut
1581 1029 1801 1105 pateat
1820 1029 2041 1086 lamen
2058 1021 2585 1086 immoderatum

851 1123 910 1184 N
913 1141 986 1185 ec
1006 1141 1216 1204 mare,
1237 1144 1359 1188 nee
1379 1124 1603 1205 tellus,
1625 1143 1839 1204 neque
1863 1123 2033 1187 eo‘eli
2054 1123 2276 1188 lueida
2308 1125 2581 1206 templa,

852 1225 1277 1320 Nemprtale
1291 1245 1540 1311 genus,
1570 1245 1691 1289 nec
1721 1224 1964 1287 Divom
1988 1234 2515 1307 corpora-saneta
2532 1269 2556 1307 ,

848 1331 1179 1418 Exiguum
1207 1344 1471 1430 possent
1504 1335 1731 1396 horra'i
1765 1331 1988 1395 sistere
2009 1341 2287 1415 tempus.

848 1434 1015 1494 Nam
1041 1431 1332 1516 dispulsa
1359 1452 1479 1498 suo
1515 1435 1600 1496 de
1630 1442 1855 1515 eoetu',
1891 1431 2194 1496 materiai·

847 1537 1056 1621 Copia
1079 1539 1360 1604 fcrretur
1388 1561 1707 1626 magnum
1730 1561 1851 1624 per
1872 1539 2070 1604 inane
2084 1585 2105 1623 ,
2135 1541 2387 1620 soluta5

821 1619 998 1708 'Sive
1023 1645 1189 1710 adeo
1219 1645 1438 1728 potius
1467 1667 1809 1728 nunquam
1832 1658 2137 1712 concreta
2160 1655 2439 1712 creasset

843 1745 1065 1807 Ullam
1089 1767 1258 1828 rem,
1291 1748 1609 1830 quoniam
1641 1741 1792 1836 eogi
1818 1749 2085 1814 disiecta
2106 1750 2458 1828 nequisset.

925 1849 1090 1916 Nam‘
1126 1863 1297 1917 certe
1331 1875 1545 1936 neque
1570 1851 1866 1920 consilio'
1880 1852 2244 1937 primordia
2268 1873 2491 1918 rerum
2509 1898 2530 1935 ,

843 1939 1097 2021 Ordine
1116 1979 1184 2021 se
1207 1978 1328 2021 suo
1361 1979 1696 2040 quaeque,
1731 1956 1949 2045 sagaci
1971 1965 2218 2035 mente,
2239 1957 2573 2032 locarunt3

839 2065 1006 2145 Nee,
1031 2083 1196 2144 quos
1223 2083 1522 2144 quaeque
1541 2065 1774 2126 darent
1792 2070 2041 2141 motus,
2071 2057 2386 2144 pepigere
2410 2057 2705 2140 profecto
2720 2075 2741 2116 =

838 2167 968 2228 Sed
997 2167 1154 2248 quia
1173 2170 1381 2231 multa
1399 2214 1419 2250 ‚
1451 2167 1668 2232 modis
1688 2167 1913 2230 multis
1940 2173 2223 2247 mutata,
2250 2183 2369 2246 per
2389 2182 2621 2242 omne,

836 2273 934 2333 Ex
955 2270 1250 2353 infinito,
1277 2283 1603 2335 nexantur
1629 2271 1883 2355 percita
1910 2271 2160 2358 plagin
2582 2280 2737 2342 1024

839 2376 1057 2440 Omne
1087 2395 1294 2464 genus
1320 2387 1536 2439 motus
1570 2387 1635 2442 et
1660 2385 1881 2439 coetus
1908 2375 2316 2458 experiundo
2332 2419 2351 2458 ,
2736 2413 2739 2420 -

835 2482 1133 2545 Tandem
1165 2480 1525 2546 deveniunt
1547 2480 1623 2545 in
1654 2480 1839 2545 taleis
1876 2479 2297 2570 disposituras
2314 2527 2334 2564 ,

837 2585 1161 2669 Qualibus
1189 2590 1352 2651 haec
1381 2591 1579 2652 rebus
1608 2587 1895 2651 consistit
1922 2606 2181 2651 summa
2206 2596 2449 2653 ereatat

748 2714 757 2728 ·
829 2694 913 2759 Et
944 2695 1186 2757 multos
1209 2694 1407 2757 etiam
1443 2712 1719 2780 magnos
1742 2702 2158 2778 servataffler
2184 2713 2422 2774 annos,

831 2792 920 2859 Ut
936 2798 1139 2861 semel
1171 2798 1242 2860 in
1266 2808 1480 2861 motus
1513 2797 1809 2861 coniecta
1838 2807 1931 2861 est
1959 2798 2466 2881 conveniente-is,

831 2900 1072 2987 Efficit,
1100 2917 1175 2970 ut
1194 2907 1393 2995 largis
1411 2906 1681 2969 avidum
1700 2924 1883 2969 mare
1914 2905 2206 2970 fluminis
2234 2905 2431 2971 undis

829 3009 1166 3095 Integrent
1190 3030 1442 3095 amnes,
1477 3023 1542 3074 et
1566 3010 1724 3075 solis
1757 3023 1927 3075 terra
1957 3030 2201 3095 vapore

829 3116 986 3193 Feta
1006 3128 1204 3181 novet
1226 3121 1425 3199 fetus3
1452 3139 1711 3184 summa
1736 3138 2001 3201 quoque
2028 3136 2187 3203 gens
2213 3115 2625 3179 animantum

827 3224 1114 3308 Floreat,
1151 3239 1217 3291 et
1242 3228 1466 3291 vivant
1494 3229 1791 3293 labentes
1820 3225 2099 3291 aetheris
2120 3224 2327 3313 ignes.

827 3332 1022 3410 Quod
1059 3334 1245 3395 nullo
1273 3334 1563 3397 facerent
1594 3344 1821 3416 paeto,
1850 3330 1977 3395 nisi
2002 3329 2301 3393 materiai·
2374 3370 2379 3377 -

825 3432 921 3490 Ex
957 3431 1218 3496 infinito
1244 3435 1530 3501 suboriri
1557 3434 1751 3517 copia
1776 3444 2030 3517 posset,

825 3536 1014 3596 'Unde
1043 3537 1278 3601 amissa
1307 3539 1521 3601 solent
1541 3558 1846 3621 reparare
1882 3538 2273 3621 intempore
2300 3554 2580 3619 quoque.

822 3640 988 3698 Nam
1016 3642 1258 3724 veluti,
1293 3645 1549 3727 privata
1579 3644 1758 3726 cibe,
1796 3653 2032 3707 natura
2066 3643 2481 3707 animantum

821 3739 1106 3823 minuit,
1136 3745 1442 3809 amittens
1470 3754 1739 3831 'corpus3
1772 3748 1871 3811 sie
1894 3747 2121 3811 omnia
2153 3749 2393 3813 dehent

817 3841 1104 3909 Dissolvi
1117 3857 1150 3927 ,“
1177 3844 1478 3913 simulac
1505 3849 1743 3913 defecit
1770 3849 2189 3931 suppeditare
