3117 5050
899 443 972 504 ιε
1323 439 1450 502 DE
1513 439 1893 502 RERUM
1950 439 2377 532 NATURA
2494 458 2736 518 v.441.

968 587 1310 648 Praeterea
1327 603 1448 665 per
1465 603 1534 644 se
1559 583 2001 664 quodcunque
2020 583 2176 668 erit,
2195 595 2311 648 aut
2326 585 2525 652 faciet
2548 587 2739 672 quid,

885 689 1014 752 Aut
1040 687 1186 749 aliis
1212 686 1407 772 fungi
1427 687 1697 750 debebit
1716 687 2063 773 agentibus
2089 686 2339 771 ipsum3

887 799 1019 860 Aut
1039 795 1194 875 erit,
1215 803 1288 856 ut
1311 805 1585 876 possunt
1606 793 1679 856 in
1702 814 1781 856 eo
1805 815 1909 857 res
1934 815 2101 878 esse,
2132 797 2433 882 gerique=

885 904 969 965 At
989 901 1236 982 facere,
1257 911 1324 964 et
1349 899 1573 988 fungi,
1590 898 1737 964 sine
1756 919 2034 985 corpore
2054 903 2240 964 nulla
2250 913 2475 986 Potest
2502 905 2643 984 res3

881 1007 1017 1070 Nec
1035 1007 1352 1089 praebere
1371 1008 1596 1070 locum
1620 1025 1823 1090 porro
1836 1054 1855 1089 ‚
1877 1006 2007 1070 nisi
2026 1007 2236 1093 inane
2258 1028 2652 1092 vacansque·

879 1113 1054 1198 Ergo
1079 1123 1336 1194 praeter
1355 1111 1553 1174 inane
1573 1158 1592 1194 ‚
1611 1122 1679 1175 et
1700 1110 2011 1195 corpora,
2038 1113 2228 1176 tertia
2250 1135 2369 1197 per
2390 1135 2461 1180 se

879 1216 1077 1296 Nulla
1101 1225 1313 1298 potest
1335 1237 1556 1279 rerum
1576 1217 1653 1278 in
1680 1235 1959 1280 numero
1983 1225 2217 1279 natura
2240 1215 2564 1298 relinqui-3

878 1325 938 1384 N
941 1345 1013 1385 ec
1026 1369 1044 1404 ,
1069 1343 1236 1403 quae
1258 1325 1382 1386 sub
1399 1343 1625 1387 sensus
1646 1323 1840 1386 cadat
1864 1324 2003 1386 ullo
2026 1333 2328 1407 tempore
2350 1336 2634 1409 nostros»,

875 1427 936 1488 N
939 1447 1010 1489 ec
1028 1428 1282 1490 ratione
1307 1427 1517 1489 animi
1545 1445 1743 1507 quam
1772 1425 2118 1506 quisquam
2142 1427 2347 1509 possit
2364 1421 2599 1511 apisci.

953 1529 1122 1592 Nam
1143 1549 1579 1611 quaecunque
1604 1529 1853 1608 cluent,
1886 1541 1999 1591 aut
2018 1528 2121 1594 his
2144 1515 2493 1594 coniuneta
2515 1533 2775 1596 duabus

871 1637 1094 1699 Rebus
1116 1652 1191 1695 ea
1216 1632 1544 1712 invenies,
1569 1641 1682 1692 aut
1706 1634 1949 1694 horum
1966 1638 2209 1694 eventa
2230 1631 2507 1697 videbis.

717 1783 720 1789 ·
795 1764 833 1774 -“
873 1735 1316 1800 Coniunctum
1337 1745 1433 1798 est
1459 1733 1558 1815 id,
1582 1737 1763 1814 quod
1782 1755 2125 1816 nunquam
2144 1735 2289 1798 sine
2316 1737 2665 1819 perniciali

868 1840 1166 1907 Discidio
1190 1840 1360 1924 potis
1380 1849 1476 1902 est
1491 1839 1784 1925 seiungi,
1806 1837 2007 1921 seque
2020 1838 2285 1926 gregari
2300 1887 2322 1922 ,

868 1949 1132 2011 Pondus
1157 1945 1255 2010 uti
1273 1944 1438 2027 saxi,
1465 1947 1647 2010 calor
1667 1943 1865 2031 ignis,
1887 1943 2109 2025 liquor
2126 1947 2359 2027 aquai,
2666 1948 2785 2025 454

765 2094 770 2098 »
866 2057 1106 2134 Tactus
1134 2054 1522 2137 corporibus
1540 2051 1824 2133 eunetis,
1850 2051 2129 2116 intactus
2160 2050 2370 2142 inani.

863 2157 1213 2220 Servitium
1241 2169 1495 2238 contra,
1521 2166 1901 2241 paupertas,
1923 2157 2352 2238 divitiaeque,

863 2259 1189 2340 Libertas,
1219 2260 1503 2341 bellum,
1527 2260 1911 2341 eoncordia,
1936 2272 2179 2342 cetera,
2200 2281 2487 2342 quorum

860 2366 1160 2449 Adventu
1187 2374 1408 2427 manet
1431 2364 1782 2427 incolumis
1811 2375 2078 2448 natura,
2100 2367 2451 2448 abituque;

862 2471 1044 2535 Haec
1061 2467 1238 2534 soliti
1264 2483 1490 2532 sumus
1505 2514 1524 2551 ‚
1546 2478 1620 2533 ut
1642 2489 1765 2552 par.
1792 2478 1919 2550 est,
1936 2479 2173 2531 eventa
2200 2489 2463 2534 vocare.

931 2576 1228 2657 Tempus
1243 2572 1404 2637 item
1424 2594 1546 2657 per.
1570 2593 1639 2636 se
1665 2593 1803 2637 non
1823 2583 1947 2653 est,
1967 2574 2083 2635 sed
2108 2576 2303 2637 rebus
2324 2574 2407 2636 ab
2429 2573 2587 2655 ipsis

859 2678 1296 2758 Consequitur
1319 2696 1574 2758 sensus,-
1600 2684 1997 2740 transactum
2018 2674 2182 2757 quid
2204 2676 2287 2740 sit
2306 2676 2382 2740 in
2408 2697 2605 2759 aevn,

857 2762 1028 2847 Tum
1045 2830 1065 2866 ‚
1088 2805 1256 2866 quae
1277 2806 1382 2849 res
1400 2786 1629 2862 instet3
1660 2783 1824 2865 quid
1849 2802 2049 2865 porro
2066 2783 2306 2847 deinde
2333 2793 2645 2863 sequatur
2658 2803 2683 2845 τ

853 2890 986 2949 Nec
1005 2906 1125 2969 per
1139 2906 1209 2949 se
1233 2904 1635 2966 quemquam
1657 2892 1920 2966 tempus
1932 2880 2171 2947 sentire
2199 2884 2541 2947 fatendum
2568 2894 2665 2951 est

855 2991 1190 3053 Semotum
1215 2992 1302 3051 ab
1331 3008 1556 3051 rerum
1578 2998 1788 3068 motu,
1813 2972 2202 3069 placidaque
2226 2983 2466 3066 quiete.

933 3095 1234 3177 Denique
1247 3140 1266 3179 ,
1281 3093 1733 3177 Tyndaridem
1753 3102 2009 3174 raptam
2023 3136 2042 3173 ,
2062 3092 2369 3172 belloque
2389 3092 2689 3169 subactas

853 3199 1257 3286 Troiugenas
1275 3199 1528 3288 genteis
1550 3219 1752 3281 quom
1776 3196 2002 3260 dicunt
2023 3216 2231 3276 esse,
2254 3190 2615 3259 videndum
2640 3200 2757 3277 est,

854 3307 950 3367 Ne
973 3304 1142 3369 forte
1163 3309 1329 3369 haec
1351 3328 1472 3389 per
1488 3327 1557 3369 se
1585 3314 1825 3391 cogant
1848 3324 1969 3369 nos
1996 3323 2157 3366 esse
2184 3299 2401 3389 fateri3

807 3435 817 3438 ·
855 3407 1139 3488 Quando
1165 3426 1243 3469 ea
1271 3404 1845 3488 seclahominum,
1864 3423 2147 3484 quorum
2162 3404 2326 3465 haec
2346 3408 2578 3465 eventa

985 3564 994 3573 .
1945 3502 1954 3509 ’
2095 3506 2398 3585 fuerunt,

853 3612 1308 3675 Irrevocabilis
1333 3612 1670 3703 abstulerit
1693 3613 1827 3675 iam
1848 3610 2200 3695 praeterita
2224 3620 2417 3671 aetas.

853 3718 1150 3793 Namque
1173 3716 1359 3777 aliud
1386 3714 1577 3779 terris
1594 3761 1615 3799 ‚
1636 3715 1821 3779 aliud
1842 3712 2215 3799 legionibus
2239 3701 2429 3796 ipsis,
2504 3709 2509 3714 ”

851 3824 1186 3891 Eveniunt,
1203 3819 1336 3881 dici
1359 3821 1633 3903 poterit,
1652 3822 2092 3903 quodcunque
2112 3821 2237 3883 erit
2262 3829 2529 3883 actum.¹
