3117 5050
1524 153 1553 186 X

852 435 971 498 206
1262 430 1397 492 DE
1442 429 1814 492 RERUM
1869 429 2324 508 NATURA,
2392 455 2458 496 v.
2505 435 2676 500 1356.

844 573 1193 660 Agricolae
1212 573 1423 632 donec
1443 567 1604 632 vitio
1629 579 1888 634 vortere
1907 572 2155 650 severi3

844 684 935 745 Ut
962 677 1391 744 muliebribus
1408 677 1488 739 id
1517 676 1822 740 manibus
1851 682 2210 744 concedere
2235 685 2518 769 vellent,
2611 700 2624 712 “

842 788 1057 864 Atque
1082 779 1208 866 ipsi
1229 779 1475 862 pariter
1504 783 1748 844 durum
1773 779 2051 846 sufferre
2081 785 2411 864 laborem,-

843 891 1059 970 Atque
1084 905 1281 968 opere
1306 883 1379 948 in
1402 887 1572 949 duro
1595 887 1910 949 durarent
1935 893 2236 952 membra
2257 910 2642 1002 manusque.

924 997 1007 1056 At
1030 992 1364 1076 specimen
1386 989 1686 1071 sationis,
1717 999 1782 1052 et
1811 990 2138 1058 insitionis
2167 996 2391 1082 origo,

842 1095 993 1184 Ipsa
1018 1097 1143 1160 fuit
1172 1116 1397 1160 rerum
1432 1094 1724 1177 primum
1757 1098 2008 1161 Natura
2039 1101 2350 1164 creatrix.

843 1199 1203 1266 Arboribus
1230 1199 1549 1280 quoniam
1573 1203 1816 1265 baccae
1839 1204 2246 1287 glandesque
2287 1209 2571 1274 caducae

843 1304 1258 1388 Tempestiva
1288 1307 1534 1368 dabant
1554 1307 1897 1388 pullorum
1929 1309 2233 1374 examina
2261 1315 2504 1376 subter.

842 1411 1035 1476 Unde
1060 1412 1261 1485 etiam
1286 1410 1551 1476 libitum
1577 1421 1672 1474 est
1695 1411 1952 1495 stit-peis
1971 1415 2379 1480 committere
2405 1418 2636 1502 ταώ,

844 1521 925 1584 Et
948 1538 1125 1581 nova
1154 1518 1467 1581 defodere
1487 1517 1558 1580 in
1590 1527 1833 1582 terram
1862 1519 2148 1607 virgulta
2182 1543 2302 1605 per
2331 1542 2548 1609 agros.

920 1625 1087 1687 Inde
1104 1621 1305 1686 aliam
1330 1634 1529 1703 atque
1552 1623 1756 1687 aliam
1783 1627 2111 1690 culturam
2133 1627 2342 1692 dulcis
2373 1630 2570 1715 ageni

708 1749 719 1764 ‘
840 1731 1241 1808 Tentabant3
1268 1731 1650 1811 fructusque.
1666 1731 1848 1795 feros
1867 1751 2316 1801 mansuescere
2338 1744 2512 1800 terra

840 1843 1213 1906 cernebant
1237 1837 1681 1925 indulgendO,
1700 1840 2075 1920 blandeque
2107 1843 2428 1906 colundoae

838 1949 1051 2030 Inque
1082 1945 1223 2010 dies
1248 1943 1459 2030 magis
1480 1944 1555 2013 in
1583 1956 1880 2008 montem
1907 1948 2258 2011 succedere
2283 1947 2482 2010 silvas

842 2054 1214 2138 Cogebant,
1249 2049 1555 2131 infraque
1584 2047 1784 2113 situm
1817 2054 2176 2114 concedere
2204 2051 2430 2116 cultis:

836 2159 1063 2234 Prata,
1090 2158 1301 2236 lacus,
1332 2155 1541 2235 rivos,
1577 2165 1852 2240 segetes,
1893 2155 2243 2238 vinetaque
2269 2160 2472 2241 laeta,
2589 2161 2756 2238 1371..

836 2260 1135 2323 Collibus
1160 2269 1225 2323 et
1252 2260 1501 2342 campis
1524 2271 1596 2321 ut
1624 2261 1968 2336 haberent3
2003 2273 2200 2344 atque
2229 2267 2535 2328 olearum

838 2365 1114 2428 Caerula
1142 2363 1549 2450 distinguens
1571 2363 1743 2427 inter
1765 2368 1960 2450 plaga
1989 2387 2249 2430 currere
2265 2376 2516 2450 posset,
2585 2384 2593 2394 ‘

835 2471 963 2535 Per
986 2470 1305 2552 tumulos,
1327 2480 1391 2534 et
1422 2469 1808 2547 convalleis,
1845 2482 2272 2552 camposque,
2299 2469 2602 2553 profusa·

837 2575 926 2635 Ut
946 2596 1125 2637 nunc
1148 2594 1284 2639 csse
1315 2573 1500 2639 vides
1535 2573 1722 2637 vario
1747 2572 2048 2637 distincta
2084 2579 2314 2664 lepore

724 2742 735 2751 ,
838 2678 1113 2761 Omnia,
1146 2696 1347 2763 quae,
1386 2680 1598 2763 pomis
1619 2679 1912 2743 intersita
1939 2681 2270 2764 dulcibus,
2304 2690 2593 2767 ornant,

834 2784 1259 2864 Arbustisque
1296 2794 1519 2849 tenent
1543 2782 1847 2847 felicibus
1879 2785 2090 2849 obsita
2113 2786 2378 2873 circum.

914 2888 1000 2950 At
1034 2886 1318 2967 liquidas
1352 2887 1578 2949 avium
1613 2906 1804 2949 voces
1827 2886 2146 2951 imitarier
2173 2908 2290 2956 ore

834 2999 1003 3061 Ante
1032 2994 1159 3058 fuit
1182 2996 1427 3076 multo,
1450 3014 1660 3075 quam
1684 2994 1900 3057 laevia
1935 2994 2230 3058 carmina
2259 3005 2458 3061 cantu

834 3104 1305 3165 Concelebrare
1328 3101 1630 3164 homines
1663 3109 1956 3182 pos-sent,
1983 3102 2325 3182 aureisque
2350 3101 2598 3165 iuvare.

836 3208 915 3269 Et
934 3206 1271 3291 Zephyri,
1290 3211 1450 3271 cava
1484 3228 1607 3292 per
1635 3208 2073 3288 calamorum,
2101 3205 2296 3270 sibila
2314 3196 2604 3323 primum

835 3312 1156 3400 Agresteis
1179 3317 1461 3379 docuere
1484 3334 1692 3379 cavas
1698 3312 1930 3377 inflare
1963 3312 2224 3379 cicutas.
2323 3345 2330 3349 ·

834 3418 1003 3481 Inde
1019 3420 1391 3483 minutatim
1422 3421 1672 3483 dulceis
1688 3419 1989 3483 didicere
2017 3422 2350 3503 querelas,

832 3517 1026 3581 Tibia
1054 3539 1215 3601 quas
1244 3521 1493 3603 fundit,
1518 3520 1742 3608 digitis
1763 3522 2020 3604 pulsata
2049 3530 2429 3601 canentum,

835 3616 999 3678 Avia
1030 3640 1152 3699 per
1178 3642 1449 3686 nemora
1482 3644 1559 3687 ac
1585 3624 1782 3687 silvas
1809 3625 2139 3706 saltusque
2167 3634 2462 3707 reperta,

835 3718 961 3781 Per
985 3718 1130 3779 loca
1159 3734 1493 3801 pastorum
1520 3729 1802 3806 deserta,
1821 3737 2018 3809 atque
2041 3728 2191 3817 otiaj
2205 3726 2336 3789 dia.
2367 3782 2372 3787 .

912 3818 1020 3883 Sic
1044 3826 1582 3907 unumquidquid
1598 3831 1949 3913 ,paullatim
1969 3832 2292 3919 protrahit
2325 3840 2502 3897 aetas
