3117 5050
777 439 970 528 xxx,

779 593 934 659 1626

779 678 936 755 1627

779 760 928 842 1631

782 2386 939 2466 1647

783 3118 940 3195 1650

783 3198 939 3281 1656

786 3516 943 3581 1660

1149 385 1657 508 NOTITIA
1712 431 2341 510 LITERARIA

1007 553 1419 656 lanscelodami.
1459 613 1555 669 24·

1019 678 1256 738 Gema
1276 697 1332 748 4.
1353 674 1414 736 in
1434 671 1717 768 Corpore
1739 671 2064 738 Poetarum
2092 674 2447 742 Latinorum
2468 677 2563 742 ed.
2588 677 2699 746 111.

1015 757 1092 820 Τ.
1131 757 1396 819 Lucretii
1429 755 1575 820 can
1598 756 1675 820 de
1706 774 1907 818 rerum
1928 774 2144 820 natura
2170 757 2307 820 libri
2338 776 2441 820 sex
2462 803 2481 832 ‚
2528 765 2697 827 notis

1013 837 1400 901 brevioribus
1429 856 1506 899 ex
1527 837 1664 920 ipso
1690 838 2071 934 potissimum
2094 855 2352 902 auctore
2388 843 2697 908 succincte

1015 919 1417 1062 et¹perspicue
1438 916 1751 982 illustrati:
1790 937 1929 982 cum
1962 919 2159 982 lexico
2174 964 2195 993 ,
2222 919 2568 986 siveindice
2585 923 2698 988 ab·

1015 1020 1088 1064 so
1108 1001 1382 1062 utissimo
1403 999 1679 1061 omnium
1708 999 1801 1061 ele
1841 1001 2138 1064 amiarum
2160 1001 2685 1080 Lucretianarum,

1013 1099 1163 1146 cura
1200 1097 1263 1143 et
1295 1079 1505 1144 labore
1529 1081 1781 1142 Danielis
1854 1082 1981 1144 arei.
2020 1083 2429 1145 Accesserant
2452 1081 2695 1168 Scipio·-

1013 1164 1111 1226 nis
1141 1161 1374 1304 Gagicii
1393 1159 1472 1224 de
1499 1161 1809 1304 principiis
1834 1179 2037 1225 rerum
2066 1162 2198 1224 libri
2220 1162 2389 1226 duo:
2431 1183 2545 1228 nec
2568 1185 2693 1228 non

1017 1244 1202 1308 Aonii
1285 1243 1488 1306 alearii
1525 1243 1695 1306 Veru
1718 1244 1817 1304 ani
1855 1242 1934 1305 de
1960 1243 2301 1307 animorum
2336 1246 2693 1308 immortali-

1015 1341 1140 1388 tate
1161 1324 1296 1388 libri
1323 1339 1467 1388 tres.
1503 1323 1841 1399 Fryncoficrti
1854 1370 1879 1398 ,
1906 1326 1977 1386 im
2012 1327 2145 1386 ensis
2177 1325 2330 1388 Guil.
2350 1327 2545 1408 Fitzeri
2560 1373 2581 1398 ,
2617 1328 2697 1388 li-

1013 1408 1172 1468 brarii
1218 1406 1407 1487 Angli.
1444 1405 1509 1469 8.
1535 1428 1575 1468 2
1599 1405 1744 1468 voll.
1764 1439 1849 1456 -
1884 1405 1967 1468 Ni
2011 1404 2053 1468 il
2116 1404 2383 1468 raefatus
2409 1426 2531 1470 non
2560 1406 2697 1470 lau-

1015 1488 1121 1550 dat
1155 1487 1453 1570 praesidia
1473 1533 1494 1562 ,
1537 1488 1761 1569 quibus
1795 1487 1987 1550 fultus
2018 1507 2057 1550 a
2123 1487 2475 1565 Lucretium
2506 1489 2698 1551 eden-

1013 1569 1158 1632 dum
1203 1569 1556 1642 accesserit3
1607 1568 1803 1630 noluit
1836 1587 1991 1630 vero
2008 1613 2027 1643 ,
2072 1583 2143 1631 ut
2164 1567 2499 1631 Creechius
2532 1586 2698 1633 recte

1013 1651 1093 1714 de
1119 1665 1200 1712 eo
1235 1649 1494 1722 iudicat,
1541 1650 1787 1710 chartae
1833 1649 2139 1732 periturae
2180 1665 2451 1730 parcere.
2490 1649 2699 1713 Testi-

1014 1731 1221 1795 monia
1247 1729 1322 1792 de
1345 1730 1635 1793 Lucretio
1664 1728 1912 1812 implent
1934 1729 2135 1809 plures
2158 1729 2438 1812 plagellas
2453 1775 2472 1804 ,
2494 1748 2533 1791 a
2555 1751 2690 1816 pag.

1015 1835 1145 1896 29·-
1161 1829 1260 1892 73.
1295 1811 1743 1874 Annotationes
1765 1829 1976 1894 parum
1999 1808 2207 1872 valent
2234 1828 2351 1872 nec
2369 1811 2443 1871 ad
2476 1830 2695 1890 sensus

1013 1892 1495 1977 perspicientiam
1511 1937 1532 1968 ,
1559 1909 1674 1955 nec
1696 1891 1772 1953 ad
1792 1890 2075 1954 lectionis
2098 1893 2443 1964 veritatem.
2464 1890 2651 1955 Index
2670 1939 2694 1970 ,

1017 1977 1125 2059 qui
1151 1975 1404 2040 alterum
1440 1975 1732 2037 volumen
1762 1971 1945 2034 efficit
1965 2017 1986 2048 ,
2022 1990 2388 2055 quamquam
2421 1973 2583 2036 mole
2602 1974 2697 2036 la·-

1016 2059 1196 2120 borat
1213 2076 1274 2119 et
1303 2072 1484 2139 saepe
1513 2073 1712 2136 nugax
1730 2070 1862 2130 est;
1884 2053 2075 2116 multa
2090 2071 2293 2117 tamen
2320 2054 2501 2116 habet
2520 2075 2695 2138 egre·-

1059 2140 1148 2213 'a‚
1183 2157 1444 2221 quorum
1480 2136 1719 2219 quidem
1759 2135 1987 2198 bonam
2024 2155 2259 2220 partem,
2286 2136 2602 2200 Lambinus
2628 2152 2694 2200 et

1015 2159 1296 2281 gifanms
1323 2219 1438 2280 sibi
1461 2235 1712 2302 possunt
1732 2217 2064 2282 vindicare.

1019 2301 1420 2362 Amstelodami.
1449 2321 1546 2374 24.
1564 2302 1710 2382 apud
1738 2301 1984 2362 lamma.

1019 2378 1100 2443 T.
1139 2379 1401 2444 Lucretii
1429 2379 1570 2443 Cari
1612 2380 1687 2444 de
1726 2399 1927 2443 rerum
1972 2397 2189 2443 natura
2230 2381 2364 2444 libri
2396 2399 2533 2456 sex,
2568 2400 2690 2444 una

1018 2481 1159 2526 cum
1196 2462 1641 2547 paraphrastica
1668 2461 2087 2546 explanatione
2117 2478 2180 2525 et
2207 2463 2691 2527 animadversio-

1016 2544 1194 2607 nibus
1229 2546 1317 2607 10.
1356 2545 1576 2607 Nardii.
1622 2545 1918 2607 Florentiae
1934 2591 1955 2618 ‚
1992 2545 2137 2628 typis
2168 2549 2439 2607 Amatoris
2468 2548 2693 2609 Massae

1021 2626 1361 2690 Fomlc'viens.
1385 2647 1446 2701 4.
1481 2644 1623 2691 cum
1651 2644 1879 2688 novem
1908 2624 2129 2689 tabulis
2158 2627 2372 2689 aeneis.-
2388 2658 2474 2675 -
2515 2625 2695 2690 Parvi

1017 2710 1369 2771 aestimatur
1396 2708 1549 2771 haec
1580 2709 1801 2771 editio:
1848 2723 2031 2790 atque
2057 2706 2391 2770 Creechius
2428 2708 2489 2769 in
2516 2726 2701 2789 prae-

1015 2787 1248 2851 fatione
1269 2789 1565 2853 Nat-dium
1596 2789 1868 2853 severius
1900 2805 2090 2851 vocat
2123 2788 2568 2870 sexagenarium
2594 2789 2693 2850 in·-

1015 2887 1344 2953 terpretem
1385 2871 1463 2931 de
1500 2886 1692 2954 ponte
1730 2870 2155 2933 deiiciendum.
2200 2870 2689 2933 Commentarius

1017 2953 1208 3013 verba
1231 2952 1676 3035 opinionesque
1696 2952 1964 3015 Lucretii
1990 2950 2516 3021 observationibus
2536 2952 2692 3033 phy-

1018 3034 1156 3097 sicis
1183 3034 1421 3131 potiuS,
1443 3053 1626 3117 quam
1648 3033 1878 3117 philolo
1917 3034 2026 3095 icis
2056 3033 2329 3095 illustrat.

1020 3116 1264 3179 Pari-uis.
1295 3116 1354 3179 8.
1387 3135 1525 3179 cum
1559 3116 1846 3179 versione
1928 3114 2097 3177 allica
2126 3116 2281 3175 Μὶεὴ
2328 3116 2389 3173 de
2409 3114 2692 3180 Marolles.

1018 3196 1097 3259 T.
1138 3199 1408 3262 Lucretii
1443 3196 1589 3261 Cari
1626 3199 1703 3260 de
1743 3202 1957 3259 rerum'
1987 3215 2203 3261 natura
2244 3194 2394 3258 liber
2426 3196 2687 3277 primm,

1017 3298 1157 3341 cum
1183 3280 1450 3343 eiusdem
1475 3279 1867 3341 translatione
1902 3281 1966 3347 in
1986 3297 2205 3341 versus
2226 3276 2509 3357 Anglicos
2527 3321 2546 3351 ,
2576 3274 2689 3339 ad·-

1019 3361 1193 3421 iectis
1213 3360 1866 3431 animadversionibus,
1904 3376 2159 3422 auctore
2184 3357 2263 3416 10.
2291 3360 2519 3439 Evelyn.
2548 3358 2695 3421 Lon·

1019 3441 1174 3512 dini,
1196 3444 1344 3521 apud
1377 3445 1543 3505 Gabr.
1573 3442 1749 3502 Bedle.
1778 3438 1835 3501 8.
2536 3506 2539 3510 ,
2636 3444 2642 3451 ’

1020 3516 1096 3580 Τ.
1118 3518 1382 3583 Lucretii
1413 3521 1556 3585 Cari
1576 3522 1653 3583 de
1679 3537 1877 3583 rerum
1900 3534 2115 3581 natura
2136 3514 2269 3595 libri
2290 3534 2399 3581 sex
2420 3564 2441 3593 ,
2472 3518 2693 3581 additis

1023 3601 1394 3665 coniecturis
1433 3619 1498 3664 et
1543 3599 2067 3664 emendationibus
2114 3600 2435 3681 Tanaquilli
2481 3600 2685 3674 Fabri,

906 3736 912 3743 .
1021 3698 1163 3743 cum
1195 3684 1362 3745 notis
1384 3686 1707 3767 perpetui&
1726 3680 2016 3753 salmurii,
2040 3684 2186 3759 apud
2210 3680 2291 3741 Io.
2318 3682 2603 3741 Lenen’um.
2627 3700 2687 3751 4.

788 3925 937 4011 1675

1018 3794 1104 3811 -
1129 3762 1328 3823 Notae
1343 3780 1484 3825 sunt
1506 3764 1777 3825 eruditae
1793 3783 1813 3835 ;
1832 3761 1941 3822 sed
1957 3761 2032 3823 de
2051 3760 2301 3841 ingenio
2314 3806 2335 3835 ‚
2360 3778 2528 3823 more
2546 3779 2687 3841 suo,

1020 3842 1368 3906 Lucretium
1400 3845 1743 3906 emendavit
1772 3842 1983 3903 Faber.
2780 3914 2783 3917 ⁴

1021 3922 1101 3990 T.
1126 3922 1395 3994 Lucretii
1432 3923 1577 3987 Cari
1607 3927 1683 3987 de
1724 3942 1925 3987 rerum
1956 3937 2174 3985 natura
2208 3922 2341 3985 libri
2374 3940 2513 3985 sex:
2542 3920 2721 4004 qui--
