3117 5050
789 449 944 505 xrv
1116 431 1226 545 ΙΤ.
1292 426 1925 499 LUCRETII
2001 425 2354 502 VITA?

792 599 920 672 bat
945 600 1020 668 in
1049 619 1174 666 ore
1203 594 1550 688 Epic-urus
1568 647 1592 683 ,
1626 591 2039 668 hominibus
2066 597 2325 670 afferre.
2356 585 2727 706 Quoniam

790 724 1030 777 autem
1087 703 1272 773 duae
1325 727 1430 772 res
1483 702 1805 796 inprimis
1848 706 2171 778 homines
2220 709 2598 780 sollicitant
2653 728 2729 782 et

785 812 1266 901 conturbant,
1305 813 1533 883 utine
1561 815 1899 906 putabat,
1940 817 2187 914 religio
2216 867 2239 904 ‚
2274 817 2412 888 hoc
2443 834 2585 904 est,
2632 821 2726 890 ti·-

785 947 952 994 mor
1001 923 1326 992 Deorum
1385 922 1609 992 inanis
1632 972 1657 1010 ‚
1684 921 2045 1016 'vitaeque
2094 923 2343 996 beatae
2395 923 2723 997 inimicus

785 1053 1007 1126 atque
1046 1031 1378 1121 infestus,
1427 1052 1502 1105 et
1527 1053 1761 1104 metus
1786 1037 2069 1107 mortis:
2108 1035 2219 1106 his
2248 1035 2535 1106 duobus
2566 1035 2723 1108 ani·
2766 1093 2769 1098 .

785 1167 1075 1214 morum
1105 1143 1304 1236 quasi
1333 1143 1647 1236 pestibus
1676 1160 1748 1214 et
1784 1143 2114 1216 crucibus
2151 1140 2451 1216 conatur
2479 1169 2598 1216 eos
2633 1145 2723 1216 li·-

783 1252 1064 1340 berare,
1107 1253 1553 1330 ostendendo
1608 1253 1975 1348 primum,
2029 1257 2306 1326 nullam
2342 1281 2482 1326 esse
2515 1255 2717 1328 Deo·

783 1390 946 1436 rum
981 1364 1556 1457 providentiam,
1610 1363 1880 1434 deinde
1912 1367 2199 1434 nullum
2226 1389 2511 1436 sensum
2552 1381 2719 1461 post

782 1475 1004 1544 vitam
1040 1499 1446 1560 remanere,
1491 1477 1916 1566 animosque
1960 1499 2101 1544 esse
2132 1475 2479 1546 mortales.
2530 1473 2721 1597 Qui-

783 1580 920 1652 bus
947 1582 1412 1652 vehementer
1440 1603 1619 1654 errat
1649 1580 2001 1675 Epicurus·
2018 1632 2040 1670 ,
2076 1595 2159 1650 et
2182 1604 2311 1650 nos
2340 1559 2717 1654 Christiani

777 1689 873 1760 ab
905 1713 994 1759 eo
1023 1688 1258 1760 valde
1277 1689 1745 1760 dissentimus.

877 1799 1249 1904 Quoniam
1290 1799 1506 1895 igitur
1553 1817 1899 1868 neutrum
1932 1798 2197 1869 horum
2238 1795 2440 1868 facile
2490 1821 2713 1892 expe-

777 1905 932 1978 dire
957 1920 1240 2001 poterat
1268 1903 1679 1991 Lucretius,
1714 1901 1846 1974 nisi
1873 1916 2129 1973 natura
2150 1923 2389 1976 rerum
2418 1925 2713 1998 perspe-
2822 1945 2827 1950 ·

777 2039 892 2088 cta
918 2035 990 2090 et
1021 2016 1342 2114 cognita,
1375 2040 1671 2092 munem
1700 2039 1991 2108 operam
2024 2038 2224 2102 suam
2252 2013 2327 2084 in
2356 2015 2716 2108 explican-

780 2126 871 2194 da
897 2126 1176 2195 ratione
1203 2125 1506 2196 Naturae
1533 2123 1765 2219 ponit.
1814 2123 2071 2216 Itaque
2102 2122 2313 2194 docet
2338 2123 2712 2196 mundum

741 2232 926 2307 -sin'e
959 2232 1260 2304 consilio
1291 2232 1656 2320 Deorum,
1706 2233 2145 2311 Atomorum
2188 2255 2536 2304 concursu
2568 2230 2713 2303 for-

773 2344 966 2413 tuito
1001 2367 1144 2415 esse
1187 2342 1494 2428 factum3
1546 2361 1620 2414 et
1664 2342 1977 2416 mundos
2022 2367 2165 2412 esse
2206 2341 2707 2413 innumerabi-

727 2531 735 2540 ἃ
771 2454 908 2540 les,
947 2452 1206 2524 eodem
1235 2452 1461 2525 modo
1496 2471 1801 2540 creatos,
1852 2475 2119 2545 eosque
2157 2475 2405 2525 omnes
2432 2474 2573 2520 esse
2600 2449 2709 2523 in-

773 2562 1126 2633 terituros.
1169 2560 1275 2634 Ac
1323 2580 1565 2633 totum
1623 2561 1923 2654 quidem
1967 2560 2239 2635 librum
2292 2559 2584 2635 tertium
2626 2558 2707 2631 in

659 2752 663 2757 ⁸
774 2668 1261 2762 disputatione
1289 2670 1380 2741 de
1405 2672 1641 2740 anima
1672 2668 2090 2740 consumsit:
2132 2686 2399 2741 ceteros
2426 2689 2602 2737 vero
2627 2664 2707 2738 in.

664 2817 668 2822 ·
773 2780 1060 2850 diversis
1085 2804 1166 2851 ac
1191 2780 1390 2852 variis
1419 2780 1957 2873 quaestionibus
1976 2830 1999 2871 ,
2030 2782 2460 2872 quaslector
2488 2800 2579 2850 ex
2608 2777 2706 2847 in·

771 2890 933 2959 dice
966 2879 1210 2962 earum
1236 2914 1471 2961 rerum
1489 2941 1513 2976 ‚
1553 2913 1739 2982 quae
1766 2889 1843 2961 in
1883 2888 2169 2986 singulis
2194 2889 2391 2961 libris
2416 2902 2703 2962 tractan-

771 3015 892 3072 tur
908 3052 932 3090 ,
965 3000 1168 3073 facile
1195 3018 1597 3101 cognoscet.
