3117 5050
753 443 1162 507 LIBER
1239 443 1328 510 V.
1399 445 1761 528 v-1o7os'·
2062 471 2179 538 ²9⁷

166 593 296 656 Et
327 607 570 672 q-uom
589 589 832 658 deserti
847 591 1226 654 baubantur
1249 587 1326 654 in
1353 589 1659 675 aedibus,
1676 597 1795 660 aut
1810 609 2017 674 quom

171 697 602 762 Plorantes
619 693 918 783 fugiunt,
943 692 1294 758 summisso
1319 713 1628 779 corpore,
1658 699 1909 785 plagas.

303 796 648 878 Denique
673 819 814 862 non
840 796 1136 860 hinnitus
1164 796 1326 860 item
1359 793 1627 864 differre
1657 800 1953 885 videtur,

181 903 446 966 Inter
463 923 660 984 equas
679 901 800 966 ubi
824 921 1032 982 equus
1065 898 1326 964 florenti
1354 911 1563 966 aetate
1586 903 1905 969 iuvencus

190 1001 602 1090 Pinnigeri
621 1003 830 1068 saevit
856 1001 1218 1066 calcaribus
1243 999 1412 1065 ictus
1425 1004 1710 1088 Amoris,

193 1107 317 1172 Et
349 1108 704 1186 fremitum
724 1108 966 1192 patulis
985 1109 1109 1172 sub
1137 1106 1406 1171 naribus
1425 1107 1561 1172 edit
1580 1112 1665 1174 ad
1682 1131 1897 1196 arma,

135 1255 142 1260 -
199 1215 324 1277 Et
367 1233 580 1295 quom
611 1213 702 1276 sic
732 1213 923 1294 alias,
953 1213 1278 1278 concussis
1301 1216 1605 1298 artubus,
1632 1215 1895 1282 hinnit?
2074 1292 2079 1298 ¹

325 1319 716 1398 Postremo,
739 1337 948 1402 genus
967 1319 1244 1382 alituum
1259 1363 1280 1401 ,
1304 1318 1663 1400 variaque
1678 1321 2009 1402 volueres,

213 1424 656 1516 Accipitres‚
685 1434 880 1507 atque
901 1426 1256 1514 ossifragae
1285 1425 1631 1513 mergique
1646 1471 1669 1510 ‚
1693 1423 1967 1492 marinis
2040 1456 2047 1464 ·

219 1528 632 1611 Fluctibus,
655 1529 728 1592 in
758 1534 928 1596 salso
953 1533 1201 1596 victum
1227 1531 1565 1615 vitamque
1586 1532 1914 1617 petente&
2036 1580 2043 1594 .
2128 1525 2132 1536 ¹

224 1633 498 1717 Longe
516 1632 679 1698 alias
701 1633 838 1698 alio
865 1633 1114 1698 iaciunt
1135 1635 1210 1698 in
1238 1643 1532 1718 tempore
1559 1655 1787 1717 voces,

231 1739 344 1800 Et
363 1758 572 1820 quom
593 1742 678 1804 de
699 1741 878 1806 victu
905 1750 1186 1823 certant,
1219 1742 1595 1824 praedaque
1618 1743 2015 1829 repugnant.

237 1847 345 1908 Et
371 1847 617 1930 partim
644 1857 904 1914 mutant
931 1869 1084 1912 eum
1115 1848 1607 1930 tempestatibus
1637 1867 1775 1912 una

240 1949 678 2016 naucisonos
705 1961 968 2033 cantus,
997 1950 1334 2014 cornicum
1360 1951 1532 2014 secla
1566 1958 1853 2032 vetusta,

245 2055 765 2140 Coi-verumque
783 2079 1042 2146 grege-⁰03
1069 2059 1188 2122 ubi
1207 2078 1447 2140 aquam
1467 2059 1781 2123 dicuntur
1805 2067 1867 2122 et
1885 2055 2161 2124 imbreis

252 2163 576 2244 Poscere,
599 2176 666 2228 et
689 2166 1025 2230 interdum
1045 2175 1273 2229 ventos
1292 2185 1615 2248 aurasque
1642 2185 1899 2231 vocare.
2024 2167 2176 2234 1085

349 2267 556 2352 Erg0,
586 2267 646 2328 si
673 2270 844 2332 varii
873 2289 1096 2334 sensus
1122 2271 1434 2334 animalia
1461 2280 1741 2358 cogunt,

262 2369 454 2432 Muta
473 2363 692 2437 tamen
713 2391 914 2452 quom
933 2373 1094 2456 sint,
1115 2373 1330 2438 varias
1350 2374 1646 2438 emittere
1666 2374 1919 2454 voceis3

271 2472 536 2556 Quanto
559 2475 888 2543 mot-taleis
913 2477 1124 2566 magis
1148 2498 1435 2562 aequum
1463 2489 1558 2547 est
1587 2489 1729 2544 tum
1755 2479 2043 2562 potuisse

273 2574 662 2643 Dissimileis
691 2580 823 2645 alia
853 2591 1049 2663 atque
1070 2582 1204 2645 alia
1221 2604 1325 2647 res
1344 2603 1510 2647 voce
1536 2594 1769 2647 notare
1788 2584 1819 2644 ἰ’

352 2682 528 2745 Illud
553 2682 629 2747 in
651 2683 758 2747 his
774 2687 974 2749 rebus
996 2684 1228 2749 tacitus
1255 2706 1340 2748 ne
1362 2686 1532 2749 for-te
1555 2684 1856 2764 requiras
1874 2729 1897 2768 ‚

276 2790 547 2851 Fulmen
571 2789 808 2853 detulit
838 2789 912 2853 in
939 2799 1144 2855 terras
1174 2789 1564 2853 mortalibus
1589 2787 1819 2875 ignem

279 2894 610 2971 Primitus3
637 2892 794 2959 inde
823 2893 1040 2957 omnis
1058 2896 1481 2957 'flammarum
1501 2891 1755 2955 diditur
1776 2892 2001 2958 ardor.

281 3000 482 3059 Multa
511 2999 811 3063 videmus
837 2998 1050 3080 enim,
1078 2998 1463 3063 coelestibus
1480 2997 1687 3063 incita
1708 2998 2023 3083 flammis,

281 3104 578 3187 Fulgeoe,
605 3122 809 3183 quom
832 3102 1009 3169 coeIi‘
1025 3102 1296 3165 donavit
1314 3106 1512 3190 plaga
1541 3122 1841 3185 vapores.

284 3210 362 3271 Et
383 3229 635 3274 ramosa
669 3220 888 3275 tamen
919 3230 1151 3292 quom,
1177 3210 1387 3275 ventis
1415 3212 1635 3293 pulsa,
1669 3211 1989 3279 vacillans

285 3318 536 3377 Aestuat
564 3314 638 3378 in
671 3336 892 3381 ramos
913 3314 1302 3381 incumbens
1323 3316 1579 3381 arboris
1604 3320 1837 3399 arbor,

285 3418 677 3500 Exprimitur
696 3421 932 3487 validis
957 3423 1227 3509 extritus
1253 3422 1508 3489 viribus
1533 3422 1748 3511 ignis:

288 3526 524 3589 Emicat
551 3528 886 3593 interdum
906 3533 1195 3601 flammai·
1219 3532 1507 3595 fervidus
1535 3533 1773 3613 ardor,

288 3632 506 3693 Mutua
529 3634 692 3695 dum
713 3633 887 3698 inter
909 3636 981 3699 se
999 3635 1169 3697 rami
1192 3635 1558 3717 stirpesque
1588 3643 1889 3699 teruntur
1904 3657 1925 3699 z

291 3734 575 3819 Quorum
595 3744 950 3818 utrumque
964 3720 1226 3801 ¹dedisse
1245 3747 1454 3821 potest
1471 3737 1859 3801 mortalibus
1878 3735 2127 3825 ignem.

361 3839 514 3903 Inde
535 3838 763 3905 cibum
787 3858 1104 3925 coquere,
1135 3860 1212 3903 ac
1241 3841 1542 3920 flammae
1570 3841 1831 3907 mollire
1855 3862 2131 3929 vapore,
