3117 5050
868 421 990 530 214
1261 455 1393 518 DE
1440 455 1820 516 RERUM
1871 424 2309 515 NATURA
2405 401 2423 422 ⁹
2495 469 2559 512 v.
2603 465 2702 525 40..

866 597 1017 659 Non
1042 595 1213 658 radii
1240 594 1422 674 solis,
1455 614 1576 656 nee
1597 592 1822 656 lucida
1857 593 1986 654 tela
2016 590 2185 673 diei,
2397 657 2404 662 ,

862 696 1257 778 Discutiant,
1290 698 1405 758 sed
1434 707 1708 758 naturae
1737 697 2020 780 species,
2050 696 2388 778 ratioque:

865 798 1016 888 Quo
1049 799 1256 885 magis
1286 799 1624 882 inceptum
1654 821 1929 885 pergam
1964 809 2304 882 pertexere
2332 799 2544 864 dictis.
2629 840 2638 848 =

945 909 1024 968 Et
1047 905 1361 986 quoniam
1388 906 1622 987 docui,
1651 908 1886 970 mundi
1907 907 2211 970 mortalia
2234 908 2484 989 templa
2559 967 2576 984 ,

862 1013 1047 1092 Esse,
1068 1020 1131 1072 et
1152 1011 1378 1076 nativo
1404 1009 1760 1074 consistere
1797 1029 2072 1092 corpore
2109 1013 2406 1088 coelum;

866 1119 975 1198 Et,
1002 1129 1436 1198 quaecunque
1458 1116 1534 1187 in
1550 1137 1632 1194 eo
1657 1115 1822 1178 fiunt
1837 1161 1856 1196 ,
1879 1108 2153 1194 fierique
2176 1135 2436 1178 necesse
2455 1124 2579 1198 est,

865 1227 1187 1307 Pleraque
1216 1224 1511 1301 dissolvi3
1544 1245 1713 1304 quae
1739 1232 2014 1304 restant,
2048 1221 2346 1306 percipe,
2365 1243 2602 1304 porro:

856 1325 1423 1412 'Quandoquidem
1452 1327 1666 1390 semel.
1683 1324 2014 1410 insignem
2053 1327 2487 1388 conscendere
2510 1347 2776 1390 currum

868 1435 1237 1508 Ventorum
1266 1429 1551 1492 excierat
1577 1437 1876 1511 pacator,
1908 1438 1972 1491 et
2003 1427 2228 1490 omnia
2251 1449 2541 1510 rursum,

822 1575 844 1622 -Ι
868 1538 1055 1620 Quae
1078 1535 1401 1614 furerent,
1430 1531 1562 1595 sint
1585 1533 1844 1614 placato
1882 1549 2204 1616 convorsa
2234 1531 2477 1594 furore.

950 1643 1211 1719 Cetera,
1228 1658 1417 1718 *quae
1439 1635 1586 1699 fieri
1612 1636 1686 1698 in
1718 1637 1906 1700 terris
1939 1638 2254 1718 coeloque
2282 1646 2556 1700 tuentur.

867 1743 1209 1824 Mortales,
1238 1737 1498 1822 pavidis
1526 1758 1729 1818 quom
1753 1741 2044 1828 pendent
2065 1739 2381 1802 mentihu’
2393 1758 2614 1822 saepe,

867 1839 1175 1906 Efficiunt
1196 1840 1453 1905 animos
1475 1839 1786 1904 humileis
1823 1839 2181 1916 formidine
2205 1841 2448 1904 Divom
2463 1887 2482 1922 ,

868 1951 1349 2031 Depressosque
1373 1955 1682 2028 premunt
1703 1946 1788 2007 ad
1814 1955 2084 2024 terram3
2108 1958 2454 2029 propterca
2483 1927 2661 2030 quod

868 2053 1249 2139 Ignorantia
1284 2071 1628 2116 causarum
1653 2051 1951 2124 conferre
1971 2055 2263 2118 Deorum
2411 2127 2414 2132 ¹

872 2161 1065 2246 cogit
1090 2163 1177 2222 ad
1199 2161 1553 2244 imperium
1577 2181 1712 2254 res,
1743 2173 1808 2224 et
1837 2161 2195 2222 concedere
2221 2181 2535 2246 regnum=
2701 2162 2772 2222 55

872 2271 1173 2353 Quorum
1197 2288 1471 2351 operum
1498 2287 1724 2332 causas
1748 2265 1934 2344 nulla
1953 2267 2206 2333 ratione
2232 2269 2456 2334 videre

868 2371 1179 2454 Possunt,
1206 2387 1281 2430 ac
1304 2367 1448 2430 fieri
1469 2369 1699 2432 divino
1731 2371 2007 2436 numine
2039 2383 2285 2436 rentur.

870 2475 930 2543 N
932 2492 1071 2553 am,
1100 2475 1270 2549 bene
1294 2473 1409 2555 qui
1432 2474 1750 2557 didicere,
1777 2479 1946 2541 Deos
1963 2489 2268 2539 securum·
2287 2496 2481 2561 agere
2505 2497 2766 2561 aevom,

872 2580 943 2642 Si
977 2590 1195 2671 tainen
1230 2559 1481 2644 interea
1502 2580 1864 2663 mirantur,
1883 2600 2011 2660 qua
2027 2577 2291 2645 ratione

872 2692 1188 2778 Quaeque
1208 2686 1353 2773 geri
1370 2689 1648 2773 possint,
1673 2684 2058 2771 praesertim
2077 2686 2268 2750 rebus
2286 2685 2356 2765 in
2379 2686 2542 2771 illis,

873 2806 1059 2889 Quae
1090 2822 1289 2887 supra
1311 2813 1507 2886 caput
1529 2801 1836 2865 aetheriis
1859 2809 2218 2863 cernuntur
2245 2796 2318 2861 in
2347 2796 2506 2881 oris,

856 2908 1119 2971 ‘Rursus
1144 2908 1215 2970 in
1240 2908 1539 2988 antiquas
1561 2906 1934 2969 referuntur
1960 2903 2310 2991 religiones
2327 2949 2348 2987 ,

872 3014 953 3074 Et
978 3012 1281 3077 dominos
1300 3012 1508 3075 aereis
1526 3011 1928 3091 adsciscunt,
1957 3010 2182 3073 omnia
2208 3030 2394 3094 posse

874 3120 1055 3202 Quos
1074 3117 1296 3187 miseri
1318 3121 1515 3183 credu
1525 3129 1628 3195 ηις
1655 3115 1874 3202 ignari
1903 3116 2067 3196 quid
2089 3128 2286 3199 queat
2306 3138 2470 3197 esse,

876 3218 1057 3302 Quid
1072 3230 1386 3301 nequea13
1412 3220 1597 3283 finita
1617 3230 1904 3303 potestas
1923 3220 2213 3301 denique
2232 3219 2520 3300 quoique

876 3329 1181 3410 Quanam
1214 3329 1297 3396 sit
1316 3330 1604 3411 ratione,
1633 3339 1832 3411 atque
1859 3330 1992 3393 alte
2013 3330 2330 3391 terminus
2353 3331 2682 3393 haerena
2747 3340 2756 3371 ²

874 3432 1027 3513 Quo
1056 3432 1266 3519 magis
1294 3406 1582 3495 errantes
1612 3430 1810 3499 caeca
1829 3432 2090 3497 ratione
2119 3433 2438 3495 feruntur.

940 3539 1140 3619 -Quae
1166 3537 1305 3603 ,nisi
1328 3536 1590 3621 respuis
1623 3558 1704 3603 ex
1743 3537 1998 3618 animo,
2029 3540 2360 3623 longeque
2391 3533 2695 3617 remittis,

871 3636 997 3707 Dis
1012 3643 1287 3731 indigna
1316 3654 1547 3728 putare
1559 3692 1579 3727 ,
1611 3647 1961 3727 alienaque
1981 3644 2160 3727 pacis
2179 3664 2446 3723 eorum3

796 3832 802 3839 ἱ
864 3744 1179 3816 Delibata
1198 3750 1413 3813 Deum
1436 3774 1559 3833 per
1581 3763 1642 3815 te
1672 3754 1792 3816 tibi
1821 3752 2100 3817 numina
2130 3763 2353 3817 sancta
2459 3818 2466 3826 ,
2561 3832 2566 3837 ,
2871 3816 2876 3824 ,

872 3848 1081 3931 Saepe
1102 3846 1411 3915 oberunt:
1434 3876 1586 3919 non
1598 3902 1620 3937 ,
1647 3876 1782 3937 quo
1803 3857 2546 3925 violari‘summanefim
2567 3846 2666 3935 vis
2723 3898 2730 3905 ·
2759 3870 2764 3877 ’
