3117 5050
771 429 924 501 DE
967 429 1789 526 T.L1JCRET10.
2054 459 2235 516 ,ιν-ιι

313 586 580 678 Ροὲῑὶε,
604 584 822 660 Tom-
845 587 930 658 IL
961 587 1162 682 opp.
1185 613 1341 688 pag.
1367 613 1520 684 19⁷·
1553 578 1837 664 secutus
1864 592 2237 688 Philippus

311 695 692 767 Beroaldus
717 711 791 766 et
813 697 1134 771 ‘Barthius
1154 699 1295 770 LII.
1323 725 1388 790 4.
1413 701 1709 772 Advers.
1742 702 2077 774 Lucretio
2105 707 2232 797 ipsi

310 804 470 874 testi
504 805 870 876 *credimus
888 855 911 894 ‚
970 808 1101 900 qui
1137 809 1328 880 libro
1381 825 1587 880 sexto
1632 833 1701 886 v.
1748 831 1863 901 92.
1906 835 2236 907 supremae

301 917 710 1013 praescripta
737 915 826 986 ad
852 915 1130 988 candida
1165 919 1362 988 calcis
1385 921 1668 1013 spatium
1707 939 1989 990 currere
2024 941 2101 992 se.
2134 919 2241 988 af·-

310 1023 566 1096 firmat.
591 1025 991 1098 Exordium
1019 1029 1254 1120 operis
1279 1027 1476 1125 idem
1505 1053 1809 1122 quoque
1828 1078 1850 1116 ‚
1880 1029 2087 1121 quod
2106 1053 2241 1107 not

311 1133 532 1206 hodie
553 1187 575 1222 ,
602 1136 776 1233 legit
799 1139 976 1208 olim
1007 1136 1318 1209 Ovidius
1344 1139 1430 1208 11.
1453 1140 1671 1222 ,Trist,
1697 1163 1763 1210 v.
1800 1138 1961 1212 261.

409 1240 728 1318 Sum-serit
746 1302 768 1324 .
796 1250 1166 1322 Aeneadum
1179 1251 1490 1342 genetrix
1517 1249 1628 1320 ubi
1646 1252 1865 1347 prima
1883 1276 1909 1321 .·
1935 1253 2242 1347 requiret,

510 1360 874 1428 Aeneadum
895 1363 1202 1452 genetrix
1237 1360 1402 1432 unde
1430 1363 1521 1466 sit
1547 1361 1725 1432 alma
1767 1359 1989 1430 Venus.

313 1463 479 1535 Hoc
505 1483 644 1550 est,
687 1465 743 1536 si
779 1466 858 1539 in
883 1489 1138 1535 manus
1177 1464 1506 1536 sumserit
1549 1464 2007 1553 Lucretium,
2044 1469 2247 1540 cuius

312 1572 541 1668 prima
567 1573 738 1642 haec
769 1591 938 1644 sunt
973 1572 1224 1644 verba:
1265 1575 1634 1644 Aeneadum
1655 1578 2003 1668 genetrix.
2036 1577 2243 1647 hoini-

313 1710 467 1755 num
500 1681 856 1780 Divomque
875 1686 1203 1782 voluptas.-
1231 1709 1454 1778 quem
1481 1685 1734 1756 Ovidii
1760 1710 2245 1773 sensum-esse,

313 1797 452 1868 iam
476 1794 752 1889 pridem
778 1798 1054 1868 notavit
1081 1797 1496 1871 Ludovicus
1519 1795 1761 1866 Carrio
1781 1795 1904 1866 lib.
1923 1795 1977 1866 Ι.
2004 1820 2248 1868 emen·

317 1905 691 1976 dationum
725 1929 875 1998 cap.
909 1908 971 1976 8.
997 1905 1350 1978 Usitatum
1379 1908 1573 1976 enim
1612 1905 1821 1974 fuisse
1845 1905 2245 1993 veteribus,

316 2032 398 2085 ut
418 2011 714 2086 vocibus
737 2015 1124 2086 initialibus
1147 2017 1400 2108 scripta
1423 2017 1571 2108 ipsa
1594 2014 2049 2099 denotarent,
2077 2016 2241 2108 plu-

311 2127 506 2197 ribus
529 2127 872 2218 exemplis
903 2127 1122 2197 docet
1143 2125 1245 2196 Io.
1279 2125 1554 2195 lonsius
1590 2123 1675 2195 11.
1718 2148 1785 2214 5.
1812 2123 1910 2194 de
1928 2123 2247 2217 Scripto-

313 2234 508 2306 ribus
534 2234 712 2305 Hist.
735 2233 996 2306 Philos.
1021 2260 1178 2332 pag.
1219 2256 1245 2303 1
1261 2235 1376 2328 36.
1403 2259 1544 2326 seq.
1570 2251 1639 2304 et
1668 2232 1971 2329 Scaliger
1992 2234 2089 2306 ad
2110 2233 2247 2306 Eu·

313 2343 457 2414 seb.
483 2363 685 2414 num.
712 2363 1152 2415 Mucccctx.
1187 2342 1412 2448 Quod
1433 2365 1602 2411 vero
1631 2342 1706 2410 in
1736 2341 1983 2412 limine
2012 2343 2242 2435 operis

313 2454 601 2526 invocat
625 2453 980 2530 Venerem
1007 2455 1400 2541 Lucretius,
1418 2453 1641 2523 homo
1674 2452 2079 2544 Epicureus,
2108 2454 2241 2547 qui

315 2590 353 2635 a
389 2563 538 2637 Diis
577 2569 818 2637 omnia
855 2568 1165 2655 humana
1205 2562 1468 2657 susq'ue
1497 2563 1745 2655 deque
1772 2562 2073 2656 putabat
2115 2566 2242 2635 ha·

315 2674 511 2764 beri,
571 2677 728 2747 satis
771 2702 842 2747 se
889 2676 1174 2749 duxisse
1220 2672 1731 2745 existimandus
1774 2690 1875 2743 est
1928 2674 2241 2749 excusari

316 2810 518 2859 more
546 2790 838 2885 vulgato
865 2799 1240 2881 poetarum
1259 2836 1281 2872 ,
1327 2806 1569 2876 neque
1596 2784 1725 2853 alia
1752 2792 1937 2873 opus
1960 2806 2103 2853 esse
2126 2807 2243 2855 re·-

315 2896 698 2987 sponsione
733 2897 1034 2968 arbitror
1067 2896 1158 2965 ad
1204 2894 1739 2965 dubitationem
1766 2893 1951 2962 hanc
1976 2892 2240 2962 dissol-
2350 2977 2359 2980 -

315 3004 661 3090 vendam,
685 3030 906 3099 quarn
933 3006 1200 3075 multos
1223 3004 1408 3075 viros
1424 3004 1675 3073 doctos
1702 3001 2087 3073 exercuisse
2108 3000 2243 3071 do-

316 3127 450 3198 cet,
475 3129 752 3205 praeter
774 3115 1192 3206 interpretes
1209 3112 1547 3198 Lucretii,
1562 3109 2019 3196 Creechium‚
2040 3109 2247 3181 alios-

317 3242 464 3311 que
485 3269 506 3307 ,
536 3220 782 3289 Petrus
813 3220 1124 3309 Baeli'u5‚
1171 3222 1278 3293 vir
1317 3216 1958 3316 ingeniosissimus,
1992 3216 2067 3287 in
2104 3217 2242 3288 Di·

315 3328 662 3399 ctionario
687 3330 1043 3400 Historico
1069 3354 1226 3429 pag.
1263 3352 1466 3423 1923.
1497 3326 1835 3399 editionis
1856 3327 2235 3415 secundae,

317 3460 542 3529 quem
568 3436 658 3508 de
687 3452 902 3532 poeta
922 3442 1182 3527 lector,
1225 3440 1356 3513 nbi
1381 3441 1582 3509 volet
1600 3488 1625 3523 ‚
1658 3438 2001 3508 consulet.
2028 3436 2239 3510 Mem-

315 3551 553 3621 mium,
587 3549 703 3618 cui
736 3560 994 3642 poema
1017 3570 1228 3621 suum
1260 3548 1628 3621 Lucretius
1654 3545 2035 3638 inscripsit,
2064 3547 2235 3617 scri-

317 3659 528 3750 psisse
571 3673 645 3729 et
689 3660 922 3751 ipsum
959 3680 1234 3747 versus,
1279 3660 1561 3756 colligas
1602 3682 1695 3727 ex
1734 3654 1937 3725 Plinii
1983 3654 2109 3727 lib.
2137 3657 2253 3729 V.-

317 3767 528 3863 Epist.
557 3770 618 3861 3'.
651 3768 981 3841 Eundem
1003 3768 1532 3839 Maecenatibus
1564 3792 1641 3837 ac
1666 3766 2071 3837 liberalibus
2090 3782 2254 3843 stu·-

323 3877 606 4035 dioruiun
631 3880 943 3971 patronis
966 3892 1284 3955 accenset
1307 3878 1640 3957 Martialis
1668 3874 1970 4054 Xll.)36.,

529 3990 742 4041 nemius.
1785 3999 1814 4035 2
