3117 5050
916 406 1031 469 aaa
1338 403 1465 463 m:
1514 398 1891 461 RERUM
1952 394 2368 456 NATURA
2493 414 2559 456 v.
2601 396 2740 470 484.

911 549 1232 628 Corpora,
1270 561 1438 623 quae
1464 539 1714 603 faciunt
1738 539 1970 603 nubeis
1985 585 2006 621 ,
2029 539 2419 621 nimbosque
2454 540 2813 606 volanteis.

910 646 1471 716 Innumerabilem
1506 642 1687 708 enim
1715 663 2068 707 numerum
2084 688 2104 725 ,
2121 662 2582 725 summamque

2068 744 2389 828 profundi

909 855 1064 918 Esse
1089 849 1417 915 infinitam
1438 846 1670 927 docui3
1694 854 2069 929 quantaque
2089 849 2392 910 volarent

911 959 1205 1040 Corpora
1231 952 1624 1034 mobilitate,
1655 952 1947 1034 ostendi,
1975 971 2306 1032 quamque
2334 961 2604 1034 repente

910 1057 1441 1124 Immemor-abile
1467 1077 1588 1139 per
1612 1054 1901 1138 spatium
1923 1053 2194 1118 transire
2220 1056 2527 1118 solerent.

910 1169 1107 1244 Hautl
1126 1166 1328 1253 igitur
1355 1161 1600 1227 mirum
1623 1172 1753 1243 eet,
1775 1162 1835 1225 si
1859 1180 2065 1245 parvo
2087 1152 2391 1242 tempore'
2415 1178 2612 1242 saepe

909 1274 1076 1336 Tam
1108 1288 1385 1357 magnos
1403 1267 1686 1332 monteis
1712 1276 2059 1350 tempestas
2083 1276 2283 1347 atque
2319 1269 2624 1335 tenebrae

910 1370 1305 1459 Cooperiant
1327 1374 1564 1454 maria,
1600 1391 1680 1435 ac
1712 1382 1938 1452 terras,
1974 1371 2271 1455 impensa
2288 1389 2601 1453 superne:

908 1479 1217 1561 Undique
1240 1476 1778 1560 quandoquidem
1793 1521 1812 1555 ,
1828 1498 1950 1559 per
1972 1477 2194 1540 caulas
2216 1475 2500 1539 aetheris
2531 1470 2826 1557 omneis,

909 1588 989 1647 Et
1016 1584 1202 1666 quasi
1236 1605 1358 1666 per
1380 1582 1607 1668 magni
1633 1582 1884 1645 circum
1911 1581 2238 1665 spiracula
2261 1580 2502 1646 mundi

908 1691 1133 1756 Exitus
1162 1690 1599 1770 introitusque
1629 1689 1968 1754 elementis
1999 1690 2293 1753 redditus
2311 1698 2541 1753 exstat.

988 1800 1178 1860 Nunc
1209 1817 1363 1882 age,
1392 1815 1526 1877 quo
1552 1806 1743 1879 pacto
1762 1796 2031 1877 pluvius
2059 1806 2433 1859 concrescat
2455 1794 2533 1857 in
2553 1794 2706 1861 altis

910 1901 1207 1964 Nubibus
1222 1904 1496 1982 humor,
1523 1899 1689 1964 etin
1710 1910 1914 1965 terras
1941 1900 2290 1982 demissus,
2311 1911 2386 1963 ut
2411 1900 2661 1984 imber,

908 2005 1213 2086 Decidat,
1243 2006 1609 2089 expediam·
1648 2004 1979 2087 Primum,
2004 2004 2140 2067 iam
2157 2004 2414 2068 semina
2436 2008 2635 2085 aquai

907 2114 1118 2175 Multa
1137 2111 1335 2173 simul
1360 2108 1625 2174 vincam
1647 2128 2041 2194 consurgere
2070 2110 2358 2185 nubibus
2385 2110 2559 2194 ipsi»
2702 2116 2828 2195 498

913 2217 1253 2282 Omnibus
1265 2238 1347 2281 ex
1367 2221 1564 2282 rebus
1577 2263 1597 2299 ,
1618 2217 1996 2301 pariterque
2017 2217 2111 2281 ita
2131 2238 2422 2283 crescere
2441 2230 2825 2302 utrumque,

911 2322 991 2383 Et
1017 2320 1284 2402 nuheis,
1315 2332 1380 2383 et
1403 2342 1678 2403 aquam,
1707 2343 2138 2403 quaecunque
2164 2322 2239 2385 in
2263 2324 2552 2407 nubibus
2583 2335 2825 2407 exstat,

911 2428 1000 2487 Ut
1017 2416 1263 2508 pariter
1281 2424 1472 2489 nobis
1504 2444 1743 2509 corpus
1763 2448 1914 2491 cum
1945 2426 2271 2512 sanguine
2293 2429 2552 2514 crescit,
2904 2409 2913 2415 “

910 2535 1127 2601 Sudor
1142 2534 1299 2604 item
1315 2583 1337 2620 ,
1360 2545 1557 2620 atque
1577 2539 1849 2618 humor,
1879 2534 2258 2616 quicunque
2289 2546 2382 2598 est
2401 2536 2690 2617 denique

2152 2638 2487 2701 memhris.

912 2740 1310 2826 concipiunt
1342 2743 1541 2806 etiam
1568 2745 1852 2829 multum
1876 2762 2142 2824 quoque
2166 2761 2360 2825 saepe
2387 2741 2723 2808 marinum

912 2846 1279 2907 Humorem
1297 2891 1316 2926 ,
1341 2845 1548 2908 veluti
1578 2846 1933 2929 pendentia
1964 2847 2212 2910 vellera
2238 2849 2455 2927 lanae,

911 2954 1132 3035 Quom
1156 2970 1395 3036 supera
1416 2969 1731 3040 magnum
1756 2974 1938 3016 mare
1961 2955 2143 3018 venti
2166 2954 2394 3018 nubila
2421 2965 2706 3038 portant.

913 3056 1260 3120 Consimili
1286 3056 1541 3121 ratione
1572 3079 1653 3123 ex
1677 3058 1987 3122 omnibus
2017 3059 2323 3123 amnibus
2342 3061 2587 3124 humor

910 3161 1196 3224 Tollitur
1232 3160 1304 3225 in
1345 3163 1607 3228 nubeis:
1635 3183 1769 3245 quo
1796 3183 1997 3243 quom
2027 3166 2198 3227 bene
2222 3164 2476 3228 semina
2505 3178 2828 3246 aquarum

911 3267 1123 3330 Multa
1145 3267 1363 3331 modis
1384 3267 1611 3332 multis
1639 3288 2036 3351 convenere,
2067 3268 2364 3352 undique
2393 3274 2704 3353 adaucta;

912 3368 1258 3433 Consertae
1279 3373 1487 3434 nubes
1512 3380 1656 3432 tum
1683 3393 1754 3435 se
1783 3371 2114 3436 dimittere
2150 3364 2416 3435 certant

912 3469 1303 3550 Dupliciter:
1336 3495 1487 3537 nam
1513 3475 1617 3540 vis
1640 3477 1824 3540 venti
1853 3478 2218 3560 contrudit,
2254 3489 2320 3543 et
2338 3478 2486 3562 ipsa

911 3572 1117 3654 Copia
1141 3580 1556 3663 nimborum,
1587 3583 1778 3646 turba
1800 3583 2057 3675 maiore
2084 3591 2308 3646 eoacta
2323 3629 2344 3665 ,

910 3675 1169 3759 Urgem
1188 3690 1270 3740 ex'
1295 3702 1537 3765 supero
1569 3685 1840 3767 premit,
1866 3705 1947 3750 ac
1963 3684 2121 3750 facit
2139 3683 2405 3755 effluere
2430 3683 2718 3748 inibi-eis·

993 3781 1333 3843 Praeterea
1350 3828 1369 3863 ,
1398 3807 1601 3864 quom
1614 3772 1959 3855 ‘rarescunt
1976 3811 2242 3872 quoque
2259 3789 2491 3854 nubila
2517 3781 2725 3848 ventis
2740 3829 2762 3866 ν
