3117 5050
833 421 959 486 LI
997 422 1048 484 Β
1087 419 1142 480 Ε
1177 419 1242 478 R.
1319 418 1398 482 V.
1479 437 1544 478 v.
1596 417 1709 480 58..
2099 421 2209 486 165

199 631 204 636 ,
279 563 586 627 Foedere
603 557 763 641 sint,
787 554 860 624 in
887 575 968 622 eo
993 573 1192 638 quam
1217 552 1300 620 sit
1325 555 1565 623 durare
1592 569 1965 636 necessunn

284 667 351 726 N
354 685 436 727 ee
459 662 707 726 validas
733 663 995 724 valeant
1018 657 1166 722 aevi
1193 657 1559 724 rescindere
1587 661 1784 746 leger..

287 774 456 857 Quo
473 790 712 856 genere
734 767 808 832 in
837 764 1069 851 primis
1095 762 1304 830 animi
1329 775 1565 830 natura
1584 775 1843 852 reperta
1864 774 1987 849 est,

291 875 539 939 Nativo
564 874 855 959 primum
885 871 1232 938 consistere
1265 891 1539 956 corpore
1570 883 1773 954 ereta3

289 987 353 1048 N
357 1007 436 1050 ec
459 1005 648 1068 posse
671 983 1074 1048 incolumem
1093 999 1412 1063 magnum
1434 982 1675 1046 durare
1692 1002 1813 1064 per
1838 1000 2114 1046 aevum:

292 1089 432 1152 Sed
451 1088 806 1152 simulacra
830 1083 1044 1146 solere
1065 1081 1137 1144 in
1163 1079 1410 1144 somnis
1435 1080 1661 1144 fallere
1686 1095 2003 1172 mentem,

295 1197 588 1257 Cernere
611 1209 816 1271 quom
841 1185 1186 1250 videamur
1209 1207 1392 1268 eum,
1421 1207 1621 1268 quem
1647 1190 1783 1254 vita
1806 1191 2091 1274 reliquit.

380 1294 584 1380 Quod
599 1297 915 1372 superest,
947 1309 1122 1350 nunc
1144 1289 1274 1350 hue
1293 1287 1569 1354 rationis
1586 1289 1819 1354 detulit
1844 1294 2037 1374 ordo,

294 1403 391 1464 Ut
415 1398 612 1478 mihi,
637 1394 900 1459 mortali
919 1394 1264 1459 consistere
1285 1413 1563 1478 corpore
1582 1397 1909 1477 mundum¹
1928 1441 1949 1478 ,

298 1490 746 1581 Nativumque
765 1498 994 1580 simul,
1021 1497 1188 1562 ratio
1221 1499 1566 1564 reddunda
1588 1497 1701 1580 sit,
1724 1519 1883 1564 esse.

301 1609 387 1670 Et
406 1605 643 1688 quibus
665 1605 780 1670 ille
809 1603 1024 1670 modis
1051 1623 1432 1690 congressus
1465 1603 1775 1668 materiai·
1846 1669 1851 1686 ,

303 1709 626 1774 Fundarit
651 1718 914 1790 terram,
953 1707 1243 1789 eoelum,
1271 1724 1484 1787 mare,
1516 1706 1763 1790 sidera,
1788 1709 2029 1790 solem,

301 1815 654 1896 Lunaique
675 1813 984 1898 globum3
1015 1819 1190 1889 tum,
1215 1829 1386 1890 quae
1417 1810 1655 1874 tellure
1679 1809 2046 1878 animantes

303 1916 714 1996 Exstiterint3
750 1925 846 1998 et,
873 1932 1042 1995 quae
1063 1914 1253 1975 nullo
1275 1912 1408 1978 sint
1434 1923 1731 2000 tempore
1752 1925 1982 1978 natae:

307 2031 544 2113 Quosve
564 2012 765 2100 modo
787 2043 996 2110 genus
1013 2025 1382 2086 humanum
1401 2020 1707 2092 variante,
1724 2023 1993 2103 loquela

307 2133 619 2216 Coeperit
646 2133 819 2194 inter
847 2151 918 2194 se
946 2127 1118 2194 vesci
1143 2148 1263 2210 per
1291 2126 1567 2193 nomina
1596 2133 1858 2188 rerum':
2147 2129 2227 2204 73

308 2239 395 2300 Et
423 2238 662 2318 quibus
692 2236 808 2302 ille
836 2234 1050 2310 modis
1077 2234 1322 2297 Divom
1353 2243 1567 2297 metus
1592 2232 1945 2299 insinuarit

311 2343 584 2406 Pectora
597 2387 622 2422 ,
643 2351 964 2406 terrarum
989 2341 1101 2422 qui
1127 2341 1200 2402 in
1220 2337 1366 2404 orbi
1387 2349 1615 2404 sancta
1637 2347 1857 2401 tuetur

313 2446 523 2528 Fana,
545 2446 756 2525 lacus,
779 2445 989 2527 lucos,
1011 2463 1188 2526 aras,
1209 2443 1724 2527 simulacraque,
1748 2442 2012 2506 Divom.

396 2550 771 2631 Praeterea,
801 2550 954 2617 solis
979 2571 1204 2613 cursus
1228 2551 1558 2627 lunaeque
1586 2538 1840 2611 meatus
1856 2592 1879 2630 ‚

315 2653 708 2738 Expediam,
738 2674 870 2735 qua
889 2654 961 2717 vi
985 2658 1200 2719 flectat
1222 2657 1468 2716 Natura
1495 2654 1910 2737 gubernans:
1932 2638 1941 2649 ’

320 2762 416 2821 Ne
433 2760 618 2824 'forte
639 2762 806 2823 haee
831 2757 1008 2821 inter
1034 2758 1294 2821 coelum
1335 2767 1711 2837 terramque
1737 2776 2006 2822 reamur

321 2868 556 2931 Libera
581 2878 816 2949 sponte
851 2888 969 2936 sua
1003 2867 1526 2941 eursusJustrare
1550 2864 1899 2948 perenneis
1914 2911 1935 2949 ‚

322 2974 650 3059 Morigera
671 2978 756 3041 ad
783 2978 1006 3060 fruges
1036 2976 1393 3060 augendas,
1429 2982 1628 3055 atque
1654 2970 2049 3047 animanteis
2063 2992 2084 3032 ε
2194 3011 2202 3019 ·

322 3082 500 3141 Neve
527 3080 746 3161 aliqua
769 3082 1018 3157 Divom
1048 3081 1228 3145 volvi
1257 3081 1512 3145 ratione
1534 3088 1883 3163 putemus..

327 3186 490 3247 Nam
504 3230 523 3266 ,
545 3187 714 3249 hene
729 3186 846 3267 qui
865 3186 1152 3251 didicere
1166 3232 1186 3267 ,
1211 3188 1384 3254 Deos
1399 3182 1707 3251 securum
1723 3204 1919 3271 agere
1938 3204 2207 3269 aevum,
2270 3256 2280 3263 ‚

327 3289 393 3352 Si
429 3299 652 3355 tamen·
675 3292 927 3356 interea
953 3293 1306 3374 mirantur,
1335 3310 1468 3371 qua
1501 3290 1761 3355 ratione

331 3398 644 3480 Quaeque
659 3396 799 3483 geri
823 3397 1102 3480 possint,
1123 3375 1510 3479 praesertim
1531 3398 1731 3461 rebus
1750 3394 1824 3462 in
1840 3393 2008 3476 illis,

331 3501 512 3582 Quae
537 3520 736 3582 supra
761 3511 958 3583 caput
986 3500 1298 3567 >aetheriis
1327 3510 1689 3567 cernuntur
1712 3500 1787 3565 in
1806 3498 1971 3579 (ιι-ἑᾶς,

330 3608 583 3676 Rursus.
593 3608 668 3671 in
687 3607 990 3689 antiquas
1011 3609 1388 3675 referuntur
1421 3608 1775 3695 religiones
1788 3654 1808 3691 ,

332 3712 411 3773 Et
435 3710 736 3777 dominos
767 3712 972 3777 aereis
1006 3711 1408 3793 adsciscunt,
1439 3710 1665 3798 ornnia
1690 3730 1879 3795 posse

333 3820 512 3901 Quos
531 3818 756 3913 miseri
771 3822 1085 3901 eredunt3
1115 3819 1332 3907 ignari
1350 3865 1370 3904 ,
1399 3821 1569 3903 quid
1586 3833 1782 3908 queat
1807 3843 1979 3905 esse,
