3117 5050
896 449 1018 507 xx
1269 419 1784 498 NOTITIA
1851 415 2506 502 LITERARIA.

891 575 1138 687 gaturn
1158 583 1298 654 hoc
1323 581 1540 654 titulo
1566 611 1582 653 ε
1612 579 1719 650 De
1750 579 2108 674 ingebeelde
2134 580 2359 658 chaos,
2390 606 2464 652 en
2478 583 2815 677 gevaande

885 697 1089 773 verels
1111 693 1386 786 vording
1409 690 1521 777 der
1547 690 1709 762 aude
1736 715 1810 760 en
1842 688 2287 783 hedendaagze
2312 717 2680 786 vysgeeren.
2706 721 2813 768 ve.

885 805 1082 878 ridelt
1107 830 1182 878 en
1209 803 1526 894 veerlegt‘.
1567 799 1873 896 byzander
1896 799 1970 870 de
1998 801 2337 892 gevoelens
2368 802 2506 874 hier
2532 822 2811 876 omtrent

884 937 1023 989 van
1049 911 1139 984 T.
1167 911 1538 983 Lucretius
1568 909 1785 982 Carus
1806 934 1883 980 en
1920 907 2096 981 Dirk
2120 909 2507 986 Santvoort.
2538 925 2561 962 ¹
2603 913 2811 984 betoa-

882 1023 1084 1097 nende
1120 1021 1238 1093 dat
1259 1045 1328 1090 ze
1345 1019 1419 1090 de
1443 1018 1805 1114 beginzelen
1835 1015 1947 1086 der
1977 1015 2217 1088 Werelt
2234 1070 2257 1093 ,
2287 1016 2403 1090 dat
2415 1022 2507 1094 is,
2532 1021 2809 1115 vording

881 1127 1007 1207 van
1042 1129 1214 1217 Zon,
1240 1130 1484 1203 Maan.
1513 1127 1837 1198 Aardklot
1856 1151 1968 1198 enz
1982 1124 2375 1218 volgens-lzin
2400 1151 2589 1220 eygen
2612 1152 2810 1220 gron·

881 1243 998 1312 den
1025 1243 1166 1312 niet·
1184 1237 1291 1310 vel
1329 1235 1702 1330 asgeleyden
1739 1233 1987 1329 betrogt
2019 1232 2270 1304 hebben.
2308 1233 2492 1302 Ment
2519 1258 2627 1304 een
2660 1258 2803 1305 ver·
2875 1238 2883 1249 '

876 1351 1178 1444 standige
1211 1348 1589 1439 verklaring
1629 1370 1830 1438 vegen
1883 1344 2055 1414 Gods
2096 1342 2463 1440 inblyvende
2508 1368 2582 1413 en
2620 1368 2804 1416 over-

867 1460 1130 1557 gaande
1163 1459 1454 1551 verking.
1501 1453 1647 1526 Sed
1691 1454 1823 1546 qui
1856 1454 2205 1547 scriptum
2237 1451 2476 1546 ipsum
2513 1454 2803 1526 evolve·-
2891 1468 2897 1474 “

873 1586 1085 1655 runt,
1122 1565 1466 1660 putidum
1499 1562 1843 1656 Spinosae
1880 1565 2245 1648 asseclam',
2286 1559 2667 1634 derisorem
2693 1588 2799 1634 sa·-

874 1700 1152 1750 eratum
1195 1674 1565 1744 literarum
1594 1671 1907 1764 impium
1938 1721 1961 1757 ,
1994 1685 2067 1740 et
2092 1668 2445 1764 religionis
2467 1686 2795 1744 contem-

870 1801 1103 1860 torem
1126 1781 1460 1859 Lucretio
1476 1781 1633 1876 ipso
1656 1779 1855 1853 haud
1876 1779 2252 1860 meliorem
2277 1777 2403 1848 illo
2424 1779 2639 1875 prodi
2664 1782 2796 1854 ob.

871 1908 1168 1967 servant.
2004 1910 2009 1922 ·
2341 1906 2348 1911 ·

881 1999 902 2024 ⁸
961 2003 1414 2075 Substantiam
1447 2016 1512 2070 et
1536 2022 1763 2096 corpus
1788 2021 1979 2093 aeque
2017 1997 2146 2068 late
2160 2015 2423 2094 patere.
2480 2023 2659 2070 omne
2680 2024 2793 2070 ex·

869 2133 1118 2186 tensum
1143 2137 1273 2182 esse
1299 2135 1690 2208 corporeum.
1721 2108 1908 2201 (cum
1930 2133 2044 2179 suo
2071 2111 2483 2186 consectario,
2500 2111 2790 2210 Spiritus

865 2245 1176 2319 nusquam
1199 2220 1376 2314 esse)
1401 2219 1572 2289 nihil
1586 2219 1741 2314 fieri
1754 2242 1939 2315 posse
1964 2222 2198 2290 nisiex
2216 2223 2617 2318 praeiacenti
2642 2246 2786 2293 ma·
2838 2267 2853 2293 0

866 2335 1080 2406 teria:
1121 2332 1261 2408 vel,
1307 2329 1475 2427 quod
1512 2328 1677 2404 idem
1717 2344 1851 2402 est,
1901 2329 2075 2415 nihil
2088 2355 2271 2429 posse
2318 2335 2543 2404 creari.
2585 2331 2788 2403 Omne
2897 2328 2905 2342 '

864 2470 1091 2545 corpus
1115 2460 1380 2514 motum.
1397 2441 1480 2514 ab
1519 2441 1649 2512 alio
1695 2465 1945 2539 corpore
1976 2445 2234 2514 moveri.
2291 2444 2529 2520 Omnia
2562 2445 2789 2516 mundi

853 2558 1293 2659 phaenomena
1319 2554 1677 2627 rationibus
1694 2579 1859 2653 pure
1875 2555 2265 2660 mechanicis
2279 2580 2464 2655 posse
2490 2560 2785 2657 explica-

861 2670 944 2737 ri.
995 2664 1484 2736 Cohaerentiam
1525 2687 1859 2761 corporum
1879 2714 1901 2738 .
1961 2682 2317 2737 atomorum
2374 2666 2785 2737 humatarum

861 2778 1094 2846 unione
1115 2776 1438 2847 contineri
1447 2824 1472 2848 ,
1505 2790 1573 2845 et
1600 2772 1674 2843 id
1697 2797 1907 2865 genus
1938 2774 2073 2845 alia
2088 2774 2245 2872 fere
2262 2777 2567 2873 infinita.
2585 2788 2785 2874 pizac-

857 2888 1082 2957 eertim
1117 2886 1291 2985 apud
1321 2883 1721 2957 Democriti
1751 2902 1816 2955 et
1856 2880 2142 2978 Epicuri
2183 2902 2567 2962 sectatores.
2606 2887 2784 2985 apud

861 2994 1276 3067 Lucretium
1295 3016 1456 3093 prae
1477 2993 1743 3097 peteris.-
1781 3018 1962 3088 quem
1990 3017 2135 3065 cum
2166 2992 2505 3081 admodum
2534 2994 2781 3079 adoles-

859 3129 1010 3175 cens
1047 3106 1390 3177 evolverem
1408 3157 1432 3181 ,
1463 3104 1778 3199 putabam
1804 3102 2103 3202 profecto
2144 3102 2441 3176 subinde.
2476 3127 2575 3173 me
2599 3118 2778 3198 saty-

861 3237 1008 3282 rum
1031 3216 1386 3311 quempiam
1405 3213 1739 3283 simiumve
1774 3235 1985 3281 senem
2014 3236 2049 3283 e
2075 3212 2302 3310 silplzis
2324 3208 2781 3310 philosophan-

864 3336 992 3389 tem
1015 3320 1278 3393 audire,
1321 3319 1474 3389 adeo
1503 3323 1720 3390 omnia
1766 3343 1848 3389 ex
1877 3319 2009 3387 solo
2034 3343 2220 3391 sensu
2252 3334 2517 3388 externo
2535 3368 2559 3392 ,
2605 3342 2783 3389 cras-

858 3452 1052 3526 saque
1079 3431 1544 3522 imaginatione
1576 3428 2066 3501 deducebantur.
2109 3426 2304 3541 Quod
2335 3449 2545 3524 genus
2558 3430 2778 3530 philo-

943 3614 968 3651 ι
1001 3599 1084 3651 De
1102 3599 1418 3664 Santvoortji
1442 3600 1575 3654 libro
1598 3602 1664 3656 de
1682 3620 1771 3655 or·
1851 3598 2282 3669 Philosophorum
2328 3604 2461 3657 edita
2499 3602 2773 3659 Germani-

857 3674 980 3731 suk
998 3692 1102 3728 van
1131 3678 1194 3730 de
1226 3680 1554 3751 bevegingen
1582 3682 1647 3735 de
1676 3682 1776 3734 Be*
1851 3681 2098 3743 ee51²arte
2116 3680 2237 3734 vu.
2255 3698 2370 3753 pag.
2394 3700 2507 3737 ηπ.
2524 3701 2632 3754 seq.
2666 3682 2775 3737 Un—
2886 3730 2891 3735 .

831 3752 1058 3824 Κςὶιιεείιι
1097 3754 1184 3807 der
1227 3768 1374 3809 vaste
1411 3758 1685 3823 lichanon,
1718 3771 1775 3813 et
1852 3762 2115 3834 schuldige
2128 3761 2468 3819 Nachrichten
2488 3783 2593 3817 von
2619 3766 2771 3818 theo-

859 3835 1128 3917 descripto
1145 3837 1473 3907 Wyermarsii
1492 3839 1611 3892 vide
1632 3840 1775 3892 Chri·
1852 3841 2114 3911 logischen
2144 3842 2340 3899 Sachen
2370 3862 2451 3900 an.
2475 3861 2621 3912 17¹7·
2651 3862 2767 3917 pag.

860 3914 1036 3984 noph.
1063 3917 1288 3987 August.
1321 3916 1608 3971 Heumanni
1645 3921 1773 3971 Acta
1846 3936 2096 3989 424.‚seq.
