3117 5050
826 377 1275 484 ‘121213'1-:R
1353 416 1487 482 VI.
1568 437 1633 480 τ.
1691 419 1832 501 891.
2171 437 2284 497 241

372 571 573 655 Quod
590 585 801 654 genus
822 562 987 629 indu
1014 560 1187 624 mari
1204 559 1455 624 Aradio
1474 561 1622 624 fons
1635 605 1654 642 ,
1681 559 1894 625 dulcis
1919 565 2144 646 aquai,

372 675 509 766 Qui
524 671 747 754 scatit,
768 680 833 734 et
850 669 1049 732 331333
1070 667 1321 730 circum
1344 687 1413 730 33
1438 664 1735 729 dimovet
1755 667 1988 732 undas.

371 782 453 843 Et
472 778 697 844 multis
722 774 869 840 aliis
888 775 1158 858 praebet
1176 771 1559 858 regionibus
1591 791 1843 852 aequor

371 883 731 954 Utilitatem
752 881 1199 964 opportunam
1218 877 1578 943 sitientibu’
1597 879 1812 944 nautis
1828 927 1849 964 ,

372 993 571 1076 Quod
593 989 843 1058 dulceis
856 1032 876 1068 ,
896 985 1071 1049 inter
1087 986 1289 1048 salsas
1299 1027 1321 1065 ,
1340 982 1728 1048 intervomit
1745 989 1982 1050 undas.

369 1096 479 1161 Sic
500 1095 705 1184 igitur
728 1113 853 1177 per
878 1111 1035 1153 eum
1054 1097 1331 1172 possunt
1357 1108 1708 1169 erumpere
1727 1091 2010 1177 fontem‘,
2246 1175 2254 1186 .

368 1203 451 1266 Et
474 1212 753 1280 scatere,
776 1199 897 1262 1113
914 1197 1091 1259 foras
1118 1195 1194 1258 in
1221 1203 1533 1277 stuppam
1554 1195 1842 1260 semina:
1871 1220 2042 1280 quae
2063 1221 2274 1282 quom

370 1304 958 1384 Conveniunt2aut
980 1298 1056 1362 in
1076 1301 1250 1362 teda'i
1280 1318 1556 1382 corpore
1583 1301 1978 1384 adhaerent,
2074 1344 2078 1349 -
2344 1298 2358 1309 '

368 1411 735 1475 Ardescunt
755 1405 947 1468 facile
970 1407 1331 1489 extemp103
1367 1407 1549 1485 quod
1577 1407 1792 1468 multa
1819 1426 2085 1488 quoque
2103 1409 2184 1472 in
2205 1431 2276 1476 se

367 1514 633 1577 Semina
650 1514 905 1579 habent
924 1510 1101 1598 ignis
1130 1520 1408 1595 stuppae
1432 1514 1750 1592 tedaeque
1776 1521 2088 1576 tenentes.
2177 1540 2186 1546 ·

376 1631 378 1638 '
447 1621 685 1682 Nonne
702 1616 885 1682 vides
906 1616 1135 1700 etiam,
1156 1627 1479 1682 nocturna
1502 1620 1592 1680 ad
1614 1618 1872 1682 lumina
1895 1619 2113 1683 linum
2223 1660 2228 1664 -
2305 1676 2316 1694 ,

365 1729 593 1810 Nuper
610 1725 731 1789 ubi
750 1722 1143 1790 exstinctum
1164 1725 1551 1809 admoveas,
1581 1726 1926 1791 accendier
1955 1737 2123 1792 ante·

367 1829 599 1912 Quam.
614 1825 827 1914 tetigi-t
844 1828 1180 1892 flammam
1195 1851 1214 1908 3
1242 1831 1594 1912 tedamque
1618 1830 1766 1912 pari
1785 1829 2040 1894 ratione
2057 1833 2088 1892 ‘a'

364 1927 708 2010 Multaque
724 1939 1095 2013 praeterea,
1112 1930 1303 2014 prius
1319 1931 1467 2013 ipso
1491 1941 1661 1995 tacta
1681 1953 1930 2016 vapore
2165 1943 2290 2019 904'

365 2035 637 2100 Eminus
648 2039 1031 2121 ardescunt,
1056 2058 1259 2119 quam
1281 2039 1655 2104 comminus
1673 2039 1930 2104 imbuat
1953 2040 2148 2129 ignis.

363 2143 511 2207 Hoc
535 2141 739 2229 igitur
760 2140 907 2206 fieri
928 2163 1194 2225 quoque
1210 2143 1286 2208 in
1306 2143 1427 2209 illo
1448 2147 1632 2210 fonte
1651 2151 2024 2230 putandum
2046 2160 2160 2213 est.
2280 2220 2288 2230 x

446 2249 645 2332 Quod
668 2257 989 2330 superest,
1022 2268 1221 2334 agere
1250 2249 1568 2334 incipiam
1583 2299 1603 2334 ,
1627 2255 2056 2334 quofoedere
2081 2254 2202 2320 fiat

361 2353 678 2433 Naturae,
702 2353 871 2435 lapis
890 2351 1003 2418 hic
1026 2363 1101 2416 ut
1132 2355 1383 2418 ferrum
1420 2359 1660 2428 ducere
1679 2358 1919 2442 possit,

263 2456 269 2464 “
362 2461 581 2545 Quem
604 2463 917 2547 Magneta
940 2471 1184 2527 vocant
1213 2462 1431 2546 patrio
1458 2467 1541 2530 de
1572 2465 1844 2531 nomine
1877 2465 2062 2529 Graii
2075 2513 2098 2552 ,

362 2568 749 2653 Magnetum
772 2566 931 2647 quia
955 2568 1039 2630 sit
1059 2566 1291 2649 patriis
1318 2569 1391 2629 in
1426 2566 1672 2629 finibus
1691 2579 1896 2637 ,ortus-

440 2654 641 2735 Hunc
659 2672 963 2735 homines
982 2670 1275 2753 lapidem
1296 2672 1932 2755 mirantur‚.quipp'e
1955 2682 2261 2743 catenam

362 2775 571 2858 Saepe
590 2796 674 2837 ex
690 2771 978 2837 3111131113
996 2771 1215 2835 reddit
1236 2772 1676 2855 pendentibus
1698 2796 1782 2839 ex
1797 2797 1888 2841 se.

274 2884 284 2893 ’
360 2878 673 2963 Quinque
698 2876 943 2942 etenim
965 2876 1119 2941 licet
1136 2876 1467 2944 interdum
1482 2924 1501 2961 ,
1521 2878 1900 2964 pluteisque
1913 2883 2224 2969 ‚·videx·e,

362 2977 616 3049 Ordine
638 2985 945 3067 demisso,
974 2986 1233 3051 levibus
1248 2986 1554 3050 iactarier
1577 2990 1754 3053 auris
1772 3035 1794 3072 ‚

362 3092 549 3155 Unus
568 3090 684 3154 ubi
703 3112 785 3153 ex
814 3110 953 3153 uno
970 3090 1299 3172 dependet
1316 3133 1337 3172 ,
1356 3092 1584 3155 subter
1609 3094 2004 3173 adhaerens3

362 3198 461 3259 Ex.
481 3178 749 3278 alioque
768 3194 941 3260 alius
962 3194 1209 3278 lapidis
1229 3193 1371 3259 vim
1388 3195 1742 3277 vinclaque
1763 3199 2010 3279 noscit:

364 3300 587 3381 Usque
605 3300 771 3361 adeo
792 3305 1259 3382 permananter
1278 3295 1377 3360 vis
1399 3300 1698 3378 pervalet
1717 3296 1880 3362 eius.

441 3404 589 3465 Hoc
605 3421 817 3489 genus
832 3400 909 3465 in
926 3402 1123 3465 rebus
1138 3397 1543 3467 firmandum
1565 3410 1661 3465 est
1679 3404 1892 3493 ¹multa
1912 3404 2100 3488 prius
2111 3450 2137 3491 ,

532 3574 539 3579 .
1651 3526 1854 3589 quam

363 3612 574 3697 Ipsius
586 3614 697 3680 rei
722 3613 1050 3679 rationem
1072 3612 1347 3679 reddere
1372 3611 1618 3696 possis;

362 3724 445 3785 Et
466 3720 751 3787 nimium
771 3721 989 3809 longis
1014 3720 1401 3807 amhagibus
1423 3729 1519 3783 est
1540 3720 1922 3787 adeundum
1935 3742 1956 3785 τ

366 3833 517 3916 Quo
540 3831 753 3919 magis
780 3841 1059 3898 attentas
1076 3824 1295 3899 aureis*
1310 3828 1744 3915 animumque
1761 3836 2060 3919 reposco.
2084 3902 2096 3927 Ι
2199 3855 2201 3858 ·

525 3936 787 3995 Lucretius.
1678 3936 1746 3991 16
