3117 5050
780 467 937 546 ,ωε
1003 427 1008 434 ’
1234 467 1363 529 DE
1417 467 1800 528 RERUM
1851 461 2281 528 NATURA
2399 487 2465 529 v.
2509 485 2645 564 722.
2738 432 2742 436 ‘

819 607 1145 688 Denique,
1164 623 1309 668 eam
1328 615 1611 688 partem,
1633 626 2062 688 quaecunque
2079 617 2189 671 esta
2197 606 2468 696 ignibus
2481 621 2668 672 aucta
2679 655 2698 691 ‚

818 711 923 774 Ad
938 709 1223 791 speciem
1240 700 1441 772 vortit
1460 707 1682 791 nohis,
1703 693 2060 794 oculosque
2073 711 2396 796 potenteis
2408 732 2431 774 ε
2563 736 2567 740 ’

820 817 983 880 Inde
1008 814 1381 882 minutatim
1404 806 1588 880 retro
1605 827 2018 901 contorquet,
2039 829 2108 882 et
2125 819 2370 900 aufert,

820 918 1189 982 Luciferam
1211 927 1467 1000 partem
1485 920 1982 1006 glomeraminis
1997 930 2194 1002 atque
2213 921 2378 1004 pilai·
2390 944 2410 984 ε
2497 934 2506 944 ’

822 1023 909 1082 Ut
925 1019 1327 1102 Babylonica
1346 1021 1753 1088 chaldaefim
1770 1025 2098 1108 doctrina,
2117 1027 2411 1090 refutans

821 1127 1321 1213 Astrologorum
1341 1135 1548 1188 artem
1564 1171 1586 1207 ‚
1600 1137 1834 1192 contra
1851 1129 2244 1194 convincere
2267 1129 2505 1196 tendit:
2615 1141 2632 1168 ‘

822 1229 1107 1293 Ptoinde
1126 1229 1317 1310 quasi
1332 1229 1404 1296 id
1422 1229 1568 1295 fieri
1586 1239 1897 1315 nequeat,
1917 1234 2098 1315 quod
2109 1245 2362 1347 'pugnat
2379 1244 2684 1316 uterque,

822 1335 953 1398 Aut
974 1334 1193 1398 minus
1210 1336 1341 1398 hoc
1357 1336 1479 1399 ino
1492 1335 1580 1400 sit
1599 1359 1718 1400 cur
1735 1327 2120 1422 amplectier
2136 1341 2326 1405 ausis.
2372 1355 2376 1360 “
2397 1411 2404 1418 ,
2723 1341 2731 1352 ’
2843 1329 2854 1352 '

905 1439 1235 1521 Denique,
1256 1461 1377 1504 our
1392 1454 1677 1524 nequeat
1691 1463 1952 1528 semper
1968 1464 2147 1510 ‚nova
2165 1447 2326 1510 luna
2343 1444 2552 1516 creari

828 1547 1079 1610 Ordine
1100 1549 1467 1612 formarum
1490 1562 1700 1635 certo,
1717 1553 2040 1635 certisque
2059 1551 2322 1640 figuris,

826 1657 1035 1739 Inque
1054 1657 1192 1722 dies
1209 1655 1433 1740 privos
1453 1660 1738 1724 aborisci
1755 1680 2056 1744 quaeque
2077 1671 2326 1738 creata,

826 1763 1041 1842 Atque
1066 1760 1196 1823 alia
1227 1760 1407 1826 illius
1426 1763 1722 1845 reparari
1744 1765 1816 1828 iu
1839 1775 2059 1847 parte,
2077 1767 2388 1844 locoque3

826 1861 1113 1928 Difficile
1133 1874 1228 1928 est
1246 1865 1503 1928 ratione
1522 1867 1793 1951 docere,
1817 1878 1880 1931 et
1896 1868 2161 1933 vincere
2177 1867 2428 1943 verbis3
2535 1869 2543 1876 '

831 1968 1082 2032 Ordine
1104 1991 1308 2052 quom
1327 1970 1551 2034 videas
1573 1980 1710 2034 tam
1728 1983 1908 2036 certo
1930 1974 2140 2037 multa
2162 1971 2391 2036 creari.

905 2071 967 2133 It
985 2073 1148 2152 Ver,
1166 2080 1231 2133 et
1246 2073 1499 2150 Venus3
1520 2079 1616 2154 et,
1629 2074 1819 2158 Veris
1833 2071 2266 2157 praenuntius
2279 2115 2299 2152 ,
2315 2077 2468 2134 ante

828 2179 1157 2242 Pennatus
1177 2177 1478 2263 graditur
1494 2181 1862 2262 Zephyrus,
1878 2177 2156 2264 vestigia
2173 2177 2443 2262 propter
2615 2181 2734 2257 737
2769 2239 2774 2248 ,

828 2283 1021 2345 Flora
1044 2283 1283 2364 quibus
1301 2295 1511 2348 mater
1526 2304 1994 2372 praespergens
2015 2295 2170 2348 ante
2187 2285 2322 2346 viai·

832 2389 1084 2450 Cuncta
1108 2388 1437 2452 coloribus
1456 2390 1737 2478 egregit
1759 2402 1824 2454 et
1841 2383 2155 2452 odoribus
2175 2390 2423 2470 opplet.

831 2493 993 2557 Inde
1014 2493 1147 2560 loci
1165 2495 1457 2577 sequitur
1474 2499 1669 2561 Calor
1694 2495 1940 2577 azidus,
1963 2503 2029 2557 et
2047 2493 2266 2557 eomes
2284 2509 2421 2554 una
2679 2503 2716 2549 ο

832 2604 1299 2669 Pulverulenta
1314 2610 1538 2689 Ceres,
1561 2617 1624 2670 et
1646 2602 1858 2669 Etonia
1881 2604 2086 2667 flabra
2103 2601 2531 2684 Aquilonum.

830 2708 996 2772 Inde
1012 2712 1110 2774 Au
1117 2721 1419 2777 ctumnus
1438 2710 1609 2773 adit:
1635 2707 1935 2798 graditur
1955 2708 2155 2772 simul
2173 2706 2370 2770 Evius
2386 2708 2568 2770 Evan
2579 2726 2600 2769 ε
2622 2739 2642 2773 ·.

832 2814 995 2881 Inde
1012 2817 1181 2881 aliae
1198 2820 1639 2901 Tempestates
1657 2816 1984 2897 ventique
2000 2826 2388 2897 sequuntur,
2441 2868 2449 2875 ,

832 2926 1199 2989 Altitonaus
1219 2927 1583 2989 Volturnus
1594 2970 1613 3005 ,
1633 2932 1698 2987 et
1714 2926 1948 2987 Auster
1961 2922 2242 2987 fulmine
2259 2922 2537 3005 pollens·

836 3030 1132 3097 Tandem
1151 3036 1391 3095 Bruma
1414 3028 1625 3093 'niveis
1643 3030 1858 3093 adfert
1869 3076 1888 3111 ,
1910 3028 2306 3116 pigrumque
2319 3027 2609 3113 rigorem

835 3140 1108 3203 Reddit:
1134 3138 1361 3206 Hiems
1380 3137 1677 3221 sequitur
1690 3184 1709 3219 ‚
1729 3137 2056 3221 crepitans
2075 3146 2153 3201 ac
2171 3136 2477 3199 dentibus
2492 3137 2682 3223 Algu.

840 3249 990 3330 Quo
1008 3247 1227 3311 minus
1244 3257 1341 3311 est
1358 3246 1604 3311 mirum
1618 3292 1638 3327 ,
1660 3245 1718 3310 si
1741 3255 1918 3308 certo
1941 3254 2234 3327 tempore
2261 3244 2424 3307 luna
2467 3296 2473 3303 .

839 3356 1147 3442 Gignitur
1158 3404 1179 3441 ‚
1198 3367 1264 3420 et
1284 3367 1462 3421 certo
1484 3359 1740 3420 deletur
1759 3366 2057 3438 tempore
2074 3376 2327 3434 rursus;

840 3460 1061 3541 Quom
1080 3458 1225 3524 fieri
1242 3459 1491 3543 possint
1510 3470 1644 3522 tam
1664 3469 1843 3523 certo
1858 3468 2154 3539 tempore
2176 3459 2402 3521 multa.

920 3562 1087 3625 Solis
1106 3564 1264 3627 item
1284 3582 1547 3644 quoque
1569 3562 1888 3641 defectus,
1905 3543 2534 3642 lunaeque‘tatebras
2547 3605 2570 3643 ,

838 3666 959 3728 Plu
966 3668 1146 3737 ribus
1166 3686 1205 3735 e
1224 3672 1431 3737 causis
1448 3670 1596 3735 fieri
1618 3670 1738 3735 tibi
1755 3688 1944 3755 posse
1962 3670 2332 3751 putandum
2351 3678 2466 3733 est.

840 3770 1005 3830 Nam
1022 3810 1041 3847 ,
1061 3788 1179 3831 cur
1198 3774 1361 3835 luna
1382 3784 1580 3853 queat
1599 3782 1839 3838 terram
1863 3774 2218 3856 secludere,
2233 3771 2474 3855 poscis,

844 3867 1153 3951 Lumine,
1180 3881 1300 3932 eta
1320 3876 1511 3939 terris
1534 3880 1744 3939 altum
1769 3886 1966 3959 caput
1981 3880 2320 3942 obstruere
2339 3873 2458 3967 ei,-
