3117 5050
857 447 1274 552 LIBER
1346 490 1398 552 1.
1481 493 1729 574 κω.
1982 533 1992 545 x
2176 509 2253 585 ²9

413 629 744 715 Denique,
765 629 1067 723 materies
1077 634 1144 724 ‚si
1167 657 1390 698 rerum
1413 639 1601 700 nulla
1626 638 1875 726 fuisset,

329 739 466 802 Nec
477 741 692 822 locus,
711 761 790 804 ac
805 743 1126 826 spatium,
1152 765 1250 808 res
1269 745 1340 806 in
1359 766 1491 826 quo
1515 764 1818 829 quaeque
1836 758 2193 836 geruntur,

331 847 684 926 Nunquam
702 846 1106 930 Tyndaridis
1126 849 1378 912 formae
1405 851 1721 916 conflatus
1741 873 1967 918 amore

329 951 539 1038 Ignis,
554 953 914 1015 Alexandri
941 953 1234 1040 Phrygio
1263 956 1388 1018 sub
1420 967 1689 1040 pectore
1710 957 2017 1045 gliscem,

278 1043 280 1048 ’
326 1059 525 1120 ‘Clara
547 1059 945 1124 accendisset
969 1060 1151 1124 saevi
1172 1060 1531 1125 certamina
1568 1062 1765 1142 belli;

275 1145 283 1154 i
327 1165 463 1228 Nec
487 1167 658 1228 clam
679 1165 992 1228 durateus
1008 1162 1312 1228 Troianis
1341 1168 1664 1253 Pergama
1694 1178 1888 1252 partu

329 1266 806 1331 Inflammasset
837 1287 1046 1348 equus
1076 1278 1400 1331 nocturno
1423 1259 2005 1359 Graiugenarumt'

331 1370 708 1453 Pel-spicere
736 1379 810 1433 ut
834 1370 1040 1462 possis
1057 1417 1076 1448 ‚
1103 1391 1206 1435 res
1229 1383 1440 1458 gestas
1464 1375 1761 1440 funditus
1786 1377 2071 1462 omneis,

289 1457 295 1463 ’
333 1482 482 1541 Non
509 1477 598 1541 ita
614 1524 634 1559 ,
653 1477 752 1540 uti
773 1497 1042 1560 corpus,
1063 1498 1184 1560 per
1207 1499 1276 1542 se
1298 1481 1623 1562 constare,
1651 1501 1865 1562 neque
1894 1502 2058 1546 esse:

333 1585 394 1647 N
395 1605 470 1648 ec
490 1584 748 1648 ratione
771 1586 990 1648 cluere
1010 1586 1238 1649 eadem
1253 1632 1272 1668 ,
1294 1607 1426 1667 qua
1448 1597 1707 1654 constat
1736 1588 1971 1653 inane:

332 1687 462 1753 Sed
491 1690 702 1778 magis
729 1700 802 1753 ut
829 1689 1066 1754 merito
1093 1690 1302 1774 possis
1327 1703 1563 1763 eventa
1594 1713 1833 1773 vocare

331 1798 675 1881 Corporis,
693 1807 892 1880 atque
916 1797 1079 1880 loci,
1103 1817 1207 1862 res
1225 1790 1299 1862 in
1321 1819 1455 1881 quo
1487 1788 1788 1882 quaeque
1814 1812 2154 1888 gerantur.

418 1908 712 1986 Corpora
731 1913 885 1968 sunt
905 1923 1106 1986 porro
1125 1905 1364 1988 partim
1395 1907 1764 1989 primordia
1797 1927 2019 1972 rerum
2036 1955 2055 1988 ,
2165 1905 2169 1914 ’

333 2011 580 2072 Partim
613 2009 896 2076 concilio
923 2031 1094 2092 quae
1127 2022 1426 2075 constant
1448 2013 1954 2096 principiorum.
2135 2015 2252 2092 485

332 2113 490 2195 Sed,
519 2133 689 2194 quae
723 2123 878 2177 sunt
907 2133 1134 2176 rerum
1161 2113 1530 2195 primordia
1546 2161 1567 2196 ,
1592 2118 1779 2178 nulia
1805 2128 2015 2200 potest
2032 2117 2133 2182 vis

332 2214 696 2300 stringere3
719 2235 875 2278 nam
898 2215 1112 2279 solido
1133 2214 1410 2280 vincunt
1438 2236 1530 2280 ea·
1553 2234 1832 2301 corpore
1864 2221 2161 2300 demum3

333 2321 467 2385 Etsi
499 2317 768 2386 difficile
799 2343 943 2405 esse=
959 2322 1222 2387 videtur
1251 2316 1548 2408 credere,
1571 2326 1934 2408 quidquam

334 2425 412 2484 In
443 2427 636 2490 rebus
665 2425 880 2490 solido
907 2429 1186 2512 reperiri
1217 2450 1496 2513 corpore
1522 2449 1748 2513 posse:

335 2530 594 2599 Transit
612 2536 790 2621 enim
819 2532 1073 2601 fulmen
1103 2538 1270 2601 coeli
1294 2560 1416 2622 per
1444 2548 1671 2621 saepta
1702 2541 2087 2624 domorum,

335 2638 604 2701 Clamor
629 2650 704 2702 ut
719 2685 738 2723 ‚
763 2661 840 2705 ao
862 2662 1085 2705 voces:
1114 2642 1363 2705 ferrum
1394 2639 1724 2705 candescit
1743 2643 1814 2705 in
1833 2645 1975 2733 igni
1989 2666 2009 2725 ς
2102 2682 2109 2689 ·

333 2742 808 2826 Dissiliuntque
837 2746 977 2807 fere
1001 2746 1283 2808 ferventi
1311 2765 1468 2807 saxa
1495 2765 1776 2827 vapore:

335 2854 904 2919 Conlabefactatus
927 2854 1110 2939 rigor
1135 2851 1282 2915 auri
1309 2852 1595 2916 solvitur
1613 2864 1830 2918 aestu:

333 2960 507 3021 Tum
533 2964 774 3045 glacies
807 2964 1007 3043 aeris,
1032 2962 1300 3023 flamma
1333 2962 1617 3044 devicta,
1642 2963 1975 3045 liquescit:

333 3064 688 3125 Pennanat
720 3068 900 3127 calor
931 3069 1307 3150 argentum,
1326 3068 1795 3147 penetraleque
1819 3066 2065 3149 frigu83

337 3173 624 3257 Quando
644 3182 996 3254 utrumque
1021 3192 1248 3253 manu,
1279 3172 1637 3235 retinentes
1662 3173 1901 3254 pocula
1924 3170 2072 3253 rite,

335 3276 700 3359 Sensimus,
722 3277 941 3339 infuso
963 3276 1392 3358 lympharum
1415 3296 1567 3337 rore
1594 3295 1907 3358 superne:

335 3388 558 3466 Usque
581 3387 750 3447 adeo
780 3384 850 3447 in
883 3386 1078 3447 rebus
1109 3383 1306 3445 solidi
1332 3383 1502 3449 nihil
1529 3404 1669 3447 esse
1693 3384 1973 3447 videtur.

333 3490 461 3553 Sed
487 3490 645 3572 quia
669 3512 824 3554 vera
853 3500 1075 3563 tamen
1107 3489 1300 3573 ratio,
1343 3500 1711 3571 naturaque
1742 3511 1967 3555 rerum

255 3636 266 3647 s
320 3600 554 3687 Cogit,
575 3602 758 3683 ades,
778 3602 1004 3684 paucis
1033 3604 1194 3663 dum
1226 3601 1522 3666 versibus
1547 3600 2003 3684 expediamu8‚

333 3709 485 3769 Esse
499 3728 580 3771 ea
596 3753 615 3789 ,
629 3730 807 3789 quae
827 3708 1041 3772 solido
1063 3718 1256 3789 atque
1276 3718 1543 3772 aeterno
1567 3696 1839 3791 corpore
1858 3696 2185 3788 constent3

260 3895 271 3906 Ι
331 3810 592 3875 Semina
611 3834 780 3894 quae
801 3836 1053 3896 rerum,
1075 3803 1603 3897 primordiaque,
1625 3834 1759 3883 esse
1784 3814 2129 3877 docemus}

337 3917 526 3981 Unde
545 3921 760 3986 omnis
785 3942 1007 3986 rerum
1027 3934 1208 3988 nunc
1221 3934 1481 3989 constet
1500 3942 1760 3990 summa
1790 3930 2030 3992 creata}
2144 3912 2147 3914 Α
