3117 5050
884 425 1090 523 s'zvm
1197 414 1773 520 NOTITIA‘
1824 414 2531 559 LITuRARIAl

1076 605 1379 677 Pisones,
1409 601 1842 695 Senecasque.
1871 599 2321 697 Memmiosque

1073 713 1163 782 Et
1197 711 1450 809 Crispos
1471 709 1631 780 mihi
1658 707 1848 778 redde
1912 747 1984 760 ·-
2059 741 2133 761 -ε-

972 823 1189 928 Quae
1210 846 1381 893 vero
1411 845 1450 890 a
1487 818 1881 890 recentiore
1915 834 2143 888 aetate
2176 816 2254 888 in
2284 816 2512 889 Gallia
2550 819 2801 891 etiam-

735 927 738 929 *
874 956 1059 1004 num
1083 933 1294 1002 claret
1319 928 1601 999 illustris
1625 927 2141 1000 Memmiorum
2163 952 2365 1026 gens,
2395 929 2662 1000 Gallice
2686 931 2808 1015 des-

871 1043 1180 1117 Mesmes·‚
1208 1041 1261 1109 si
1294 1036 1781 1110 Bernhardum
1829 1036 2201 1106 Monetam
2246 1036 2614 1124 audimus,
2662 1037 2796 1108 La·-

872 1151 1026 1221 tine
1061 1150 1543 1222 Maximorum
1573 1146 1814 1240 potius
1842 1145 2149 1216 nomine
2175 1145 2597 1236 appellanda
2624 1161 2793 1218 erat.

869 1257 1056 1330 Vide
1082 1258 1496 1354 Menagiana
1522 1255 1739 1326 Tom.
1756 1253 1881 1337 IV.
1905 1278 2062 1350 pag.
2094 1275 2122 1323 1
2142 1277 2172 1336 7
2184 1278 2252 1342 5.
2286 1254 2400 1326 De
2426 1253 2608 1324 illius
2629 1279 2798 1352 gen·
2833 1308 2845 1317 »

871 1365 957 1436 tis
999 1364 1337 1437 laudibus
1381 1365 1582 1458 Casp.
1636 1360 2005 1432 Gevartius
2059 1360 2496 1454 praefatione
2535 1361 2628 1432 ad
2653 1379 2793 1433 tres

863 1474 1272 1545 Electotum
1308 1474 1522 1544 libros
1557 1472 1785 1544 editos
1818 1473 2018 1542 PariS.
2058 1472 2262 1564 1619.
2296 1495 2360 1560 4.
2394 1470 2791 1543 Franciscus

863 1582 1205 1656 Vavassor
1243 1581 1320 1651 in
1348 1582 1583 1678 elogio
1626 1580 1876 1680 Claud.
1905 1572 2271 1668 Memmii,
2315 1579 2533 1650 Hadr.
2577 1579 2793 1652 Vale-

862 1691 1003 1760 sius
1041 1690 1115 1758 in
1151 1689 1601 1760 dedicatione
1643 1690 1985 1760 diatribae
2018 1689 2110 1759 de
2144 1690 2434 1761 basilicis
2457 1741 2478 1776 ‚
2522 1689 2790 1782 aliique

858 1798 1128 1872 laudati
1152 1823 1194 1868 a
1211 1797 1511 1870 Graevio
1532 1798 1609 1868 in
1633 1801 1845 1893 Epist.
1870 1798 1963 1868 ad
1987 1799 2145 1870 Nic.
2171 1797 2548 1870 Heinsium
2566 1797 2786 1870 Tom-

857 1911 984 1984 IV.
1011 1909 1182 2006 Syll.
1214 1908 1597 1982 Burmann.
1626 1934 1783 2006 pag.
1814 1909 1979 1983 610.

958 2017 1270 2088 Lucretii
1321 2018 1580 2111 placita
1618 2017 1961 2110 Epicurea
1994 2020 2303 2092 carmine
2344 2019 2786 2091 confutanda

851 2126 989 2196 sibi
1017 2143 1469 2214 sumserunt,
1498 2127 1752 2197 Latino
1791 2127 2104 2202 Heroico
2148 2129 2450 2223 quidem
2470 2181 2493 2217 ‚
2540 2133 2785 2202 Aonius

854 2235 1236 2312 Posterius.
1265 2235 1477 2333 Scipio
1509 2237 1841 2336 Capicius.
1878 2240 2278 2334 Polignacus
2300 2239 2683 2312 cardinalis
2709 2258 2783 2312 et

864 2342 1146 2416 Thomas
1189 2341 1359 2414 Ceva
1404 2339 1474 2412 S.
1505 2341 1553 2410 I.
1595 2343 1899 2438 Anglico
1929 2343 2259 2416 Henricus
2296 2346 2521 2415 Morus
2551 2365 2623 2414 et
2659 2345 2783 2414 Ri-

857 2452 1140 2524 chardus
1165 2451 1591 2525 Blackmores
1626 2450 1899 2527 Gallico
1932 2451 2203 2525 Carolus
2234 2453 2542 2527 Claudius
2574 2453 2780 2526 Gene-

855 2580 1034 2635 stus.
1061 2577 1132 2631 et
1152 2559 1397 2630 Italico
1411 2562 1601 2631 Alex.
1615 2562 1990 2633 Marchetti.
2008 2564 2326 2663 Scipionis
2348 2564 2590 2662 Capicii
2615 2563 2777 2634 libri

854 2670 940 2741 11.
967 2671 1061 2739 de
1077 2693 1314 2740 rerum
1340 2670 1701 2763 principiis
1726 2722 1749 2758 ,
1794 2671 2045 2743 Venet.
2083 2672 2284 2764 1546.
2315 2674 2379 2742 8.
2406 2674 2775 2765 prodiere,

850 2796 924 2852 et
964 2779 1256 2851 Palearii
1306 2780 1470 2851 libri
1514 2797 1651 2852 tres
1697 2806 1828 2875 pro
1877 2783 2157 2862 animae
2197 2781 2730 2856 immortalitate
2747 2834 2774 2873 ‚

845 2888 1182 2961 Lucretio
1226 2891 1590 2985 oppositi,
1629 2917 1722 2963 ex
1755 2893 2012 2965 merito
2052 2892 2432 2965 laudantur
2464 2920 2503 2964 a
2546 2891 2774 2966 Sado-

840 3001 990 3070 leto
1015 3000 1194 3093 Epp.
1223 2998 1307 3071 V.
1336 3023 1495 3098 pag.
1533 3023 1692 3074 200.
1731 3027 1915 3095 quos
1938 3026 1979 3071 a
2012 3002 2320 3073 Paleario
2350 3002 2642 3097 scriptos
2668 3025 2773 3071 es-

841 3133 914 3180 se
934 3160 957 3196 ,
980 3111 1128 3210 sine
1152 3109 1410 3183 idonea
1438 3134 1642 3184 causa
1661 3112 1949 3185 dubitat
1970 3112 2157 3185 Rob.
2181 3102 2417 3190 Titius
2442 3139 2534 3185 ex
2558 3114 2777 3187 Wel-'

839 3218 970 3287 seri
1001 3218 1199 3312 Opp.
1222 3244 1377 3317 pag.
1425 3221 1587 3305 878.
1624 3222 2010 3295 Cardinalis
2056 3222 2403 3318 Polignaci
2446 3222 2608 3291 libri
2638 3217 2766 3288 IX.

842 3326 934 3396 de
979 3322 1141 3398 Deo
1180 3348 1468 3401 auctore
1509 3331 1819 3403 universi
1864 3332 2131 3424 cupide
2178 3328 2562 3420 exspectati
2598 3340 2763 3420 post

836 3433 1200 3527 specimen
1246 3461 1496 3508 eorum
1535 3442 1861 3526 editum,
1902 3442 2144 3508 lucem
2181 3438 2557 3523 viderunt,
2599 3452 2762 3529 post

832 3551 1143 3615 mortem
1169 3545 1316 3614 eius
1332 3597 1353 3632 ‚
1377 3548 1696 3639 primum
1728 3548 1987 3619 Parisiis
2014 3570 2177 3617 cura
2201 3542 2499 3616 Abbatis
2536 3544 2761 3641 Caroli

829 3653 1157 3726 Rotlzelini
1173 3708 1196 3729 ,
1223 3655 1298 3725 in
1324 3656 1529 3728 ¹cuius
1565 3657 1999 3752 praefatione
2033 3656 2312 3728 historia
2342 3657 2501 3727 libri
2541 3656 2761 3727 tradi-

832 3779 950 3833 tur
963 3788 984 3846 3
1024 3760 1287 3832 deinde
1319 3755 1593 3857 Lipsiae
1628 3768 1830 3854 1748.
1868 3766 1933 3835 8.
1979 3789 2143 3837 cura
2176 3764 2581 3839 Gotsclzedii.
2627 3765 2757 3835 ad-

835 3871 982 3944 dita
1009 3868 1330 3944 Diatribe
1363 3872 1459 3946 de
1504 3874 1739 3946 Poetis
1765 3873 2227 3968 Philosophis.
2278 3872 2479 3947 Cevae
2506 3873 2753 3946 Philo·-
