3117 5050
814 452 931 513 238
1192 451 1323 511 DE
1374 450 1752 510 RERUM
1807 440 2237 511 NATURA
2389 469 2454 510 v.
2501 470 2635 531 797.

806 597 1133 676 Tempore
1156 612 1235 655 eo
1264 591 1322 656 si
1350 593 1626 652 odorata
1649 599 1770 672 est,
1795 609 1928 672 quo
1957 601 2288 654 menstrua
2317 589 2532 654 solvit.

804 730 809 738 ·
884 703 1224 780 Multaque
1249 707 1586 782 praeterea
1613 699 1992 786 languentia
2015 701 2314 762 membra
2341 720 2462 782 per
2495 709 2682 768 artu-s

804 810 1111 888 Salvum,
1134 815 1331 886 atque
1356 805 1649 868 animam
1681 808 2075 872 labefactant
2095 807 2358 872 sedibus
2379 808 2581 875 intus.

880 912 1181 993 Denique
1197 956 1219 993 ,
1248 911 1309 975 si
1326 909 1557 975 calidis
1581 911 1776 975 etiam
1793 923 2104 978 ,cunctere
2124 914 2404 979 lavacris

802 1019 1096 1100 Plenior,
1126 1029 1189 1080 et
1214 1017 1433 1084 fluctis
1458 1016 1626 1080 solio
1654 1017 1966 1082 ferventis
1985 1022 2184 1098 aquai
2207 1063 2227 1100 ,

799 1122 1017 1205 Quam
1037 1119 1229 1184 facile
1252 1120 1327 1182 in
1357 1119 1576 1208 medio
1597 1115 1672 1180 fit
1693 1119 1792 1182 uti
1818 1121 1934 1184 des
1951 1140 2146 1204 saepe
2181 1119 2452 1184 ruinas?

879 1226 1389 1304 Carbonumque
1414 1222 1636 1308 gravis
1663 1223 1762 1286 vis
1793 1233 1988 1304 atque
2018 1226 2187 1310 odor
2215 1224 2583 1288 insinuatur

799 1332 1017 1416 Quam
1048 1327 1245 1392 facile
1272 1328 1347 1390 in
1364 1325 1736 1410 cerebrum,
1761 1327 1894 1392 nisi
1912 1347 2154 1411 aquam
2174 1328 2512 1412 praecepi-

1566 1431 1570 1442 '
1776 1434 1787 1447 ⁰
1853 1427 1862 1438 ’
2008 1456 2156 1500 mus
2173 1438 2368 1499 ante?

795 1541 913 1620 At,
944 1557 1147 1619 quom
1180 1539 1477 1600 membra
1506 1538 1744 1600 domus
1769 1537 2067 1620 percepit
2093 1537 2376 1620 fervida,
2411 1538 2626 1604 nervi·

794 1647 967 1709 Tum
1000 1643 1075 1706 fit
1104 1646 1269 1708 odor
1294 1640 1433 1704 vini
1458 1643 1693 1728 plagae
1713 1643 2090 1707 ,motabilis
2117 1643 2346 1720 instar.

874 1755 1108 1814 Nonne
1138 1749 1323 1812 vides
1346 1747 1541 1810 etiam
1563 1793 1582 1829 ,
1617 1757 1790 1814 terra
1827 1769 2092 1830 quoque
2125 1751 2339 1814 sulfur
2361 1752 2435 1814 in
2453 1751 2596 1836 ipsa

744 1917 753 1930 ,
794 1852 1107 1940 Gignier?
1128 1861 1191 1916 et
1217 1861 1423 1916 taetro
1444 1871 1860 1918 concrescere
1899 1856 2106 1917 odore
2140 1854 2481 1944 bitumen?

792 1957 1123 2040 Denique,
1151 1957 1265 2022 ubi
1294 1957 1550 2043 argenti
1573 1977 1774 2021 venas
1806 1960 2086 2040 aurique
2111 1970 2474 2042 sequuntur
2491 1987 2522 2042 ,χ

792 2061 1022 2122 Terra'i
1045 2060 1305 2142 penitus
1334 2067 1696 2124 scrutantes
1719 2061 1942 2124 abdita
1975 2064 2150 2126 ferro
2159 2084 2184 2140 ς,

792 2161 1059 2245 Qualeis
1084 2161 1335 2244 expiret
1360 2161 1773 2244 scaptensula
1788 2166 2012 2227 subter
2039 2163 2316 2228 odores?
2339 2211 2350 2223 ,
2584 2166 2696 2228 811

869 2267 1131 2352 Quidve
1152 2266 1313 2330 mali
1344 2265 1452 2349 fit,
1481 2277 1555 2329 ut
1575 2272 1882 2334 exhalent
1903 2281 2132 2335 aurata
2156 2271 2468 2335 metalla?

791 2374 969 2456 Quas
986 2371 1335 2435 hominum
1358 2372 1644 2434 reddunt
1662 2372 1898 2454 facies?
1923 2373 2304 2454 qualeisque
2329 2373 2624 2437 colores?

788 2479 1025 2539 Nonne
1045 2473 1256 2557 vides,
1292 2474 1596 2557 audisve,
1620 2475 1842 2559 perire
1855 2475 1930 2537 in
1952 2488 2246 2555 tempore
2266 2491 2478 2554 parvo

790 2582 1008 2665 Quam
1028 2580 1309 2656 soleant3
1343 2588 1407 2642 et
1434 2598 1635 2659 quam
1659 2576 1822 2641 vitai
1845 2575 2034 2657 copia
2063 2573 2256 2655 desit,
2285 2623 2288 2629 .

791 2691 973 2773 Quos
993 2706 1193 2769 opere
1211 2686 1285 2750 in
1306 2684 1420 2749 tali
1452 2683 1716 2747 cohibet
1738 2682 1836 2753 vis
1863 2700 2138 2767 magna,
2162 2698 2422 2743 necesse
2451 2687 2545 2746 est
2561 2679 2593 2742 ἓ

788 2794 929 2855 Hos
956 2791 1161 2879 igitur
1195 2786 1666 2855 tellus-omneis
1687 2795 2016 2849 exaestuat
2040 2794 2288 2866 aestus,

787 2896 1214 2982 Exspiratque
1244 2896 1419 2959 foras
1446 2893 1521 2957 in
1540 2904 1768 2975 aperta
1799 2899 2190 2972 promtaque
2223 2886 2412 2951 coeli.

868 3001 975 3065 Sic
1001 3010 1066 3063 et
1083 3004 1341 3063 Averna
1362 3000 1509 3061 loca
1537 2993 1809 3058 alitibus
1828 2992 2240 3057 summittere
2267 2993 2510 3055 debent

786 3108 1195 3171 Mortiferam
1210 3105 1379 3187 vim,
1401 3107 1485 3167 de
1511 3114 1688 3165 terra
1709 3120 1880 3181 quae
1905 3100 2114 3185 surgit
2133 3100 2206 3161 in
2232 3118 2484 3180 auras,.

785 3212 875 3273 Ut
896 3210 1183 3293 spatium
1210 3210 1381 3275 coeli
1414 3210 1704 3291 quadam
1725 3208 1810 3269 de
1837 3215 2023 3287 parte
2046 3212 2356 3267 venenet:

787 3318 937 3400 Quo
956 3316 1252 3381 simulac
1280 3316 1576 3408 primurn
1605 3312 1848 3396 pennis
1880 3312 2095 3375 delata
2121 3310 2204 3373 sit
2223 3310 2396 3392 ales,
2511 3361 2516 3365 .

752 3417 756 3427 '
786 3422 1191 3503 Impediatur
1213 3422 1309 3485 ibi
1326 3468 1345 3504 ‚
1358 3410 1566 3485 'caeco
1599 3427 1914 3501 conrepta
1933 3437 2190 3481 veneno
2206 3462 2228 3499 ‚

785 3527 875 3588 Ut
900 3530 1088 3592 cadat
1112 3552 1151 3593 e
1178 3530 1448 3617 regione
1464 3526 1599 3590 loci
1615 3572 1634 3608 ‚
1659 3546 1792 3608 qua
1817 3524 2043 3611 dirigit
2075 3534 2313 3588 aestus:

786 3637 939 3716 Quo
972 3654 1170 3714 quom
1196 3637 1455 3700 conruit
1486 3639 1650 3698 haec
1684 3635 1918 3697 eadem
1937 3631 2039 3695 vis
2067 3630 2249 3717 illius
2270 3637 2516 3711 aestus,
2609 3692 2614 3697 .

786 3739 1125 3820 Reliquias
1150 3743 1323 3809 vitae
1347 3742 1662 3807 membris
1683 3762 1764 3806 ex
1794 3739 2101 3804 omnibus
2133 3737 2363 3818 aufert.

789 3844 1053 3933 Quippe
1068 3848 1313 3910 etenim
1325 3848 1543 3931 primo
1563 3847 1751 3929 quasi
1763 3848 2094 3928 quendam
2101 3834 2356 3908 conciet
2371 3847 2652 3917 aestum;
