3117 5050
556 341 571 380 Ι

608 516 613 525 =
659 489 775 550 DE
814 485 1117 560 RERUM
1156 459 1500 546 NATURA
1536 485 1785 558 LIBER
1826 487 1936 574 VI,
2137 505 2248 550 ω

476 643 569 682 aut
586 626 927 682 decidentibus
946 624 1151 685 leniter,
1178 623 1399 678 diductis
1420 589 1744 679 et⁸distractis
1776 627 1982 678 nubium
2000 627 2226 695 partibus
2240 668 2257 693 ,

480 741 535 774 v.
556 738 651 784 214
666 722 812 773 -218.
838 719 971 770 Tum
991 718 1113 794 dicit
1130 718 1193 770 de
1213 717 1437 772 fulminis
1457 731 1509 770 et
1532 731 1710 770 natura
1723 757 1737 780 ,
1756 721 2014 799 quae-igne
2036 721 2262 774 subtilis·
2331 706 2338 709 “

479 816 606 868 simo
626 825 827 864 constet
845 849 861 874 ,
882 822 936 864 et
956 810 1163 862 maxima
1182 811 1491 873 mobilitate,
1513 830 1570 863 v.
1591 828 1688 876 2¹9
1707 821 1736 854 ·'
1744 828 1860 880 230.
1884 826 1938 866 et
1969 816 2092 866 mira
2121 816 2180 870 vi
2207 816 2261 866 in

478 921 598 957 vasa
616 905 742 954 vino
758 905 978 971 repleta,
1001 919 1061 960 v.
1084 918 1174 969 23¹
1198 929 1225 942 -
1246 905 1367 998 238!
1394 901 1619 954 Emicant
1635 901 1840 956 fulmina
1859 919 1888 956 e
1903 905 2122 982 nubibus
2145 906 2266 958 den-

482 997 551 1049 sis
568 1035 581 1058 ,
610 999 807 1072 alteque
840 995 1147 1054 exstructis,
1180 1007 1231 1047 et
1250 1009 1410 1068 vento
1430 996 1648 1064 igneque
1667 996 1860 1065 plenis,
1893 1017 1950 1054 v.
1982 1017 2076 1070 239
2095 1019 2260 1072 --273.

480 1109 533 1148 et
550 1108 694 1145 ortus
716 1095 918 1144 illorum
939 1089 1243 1157 quadruplex
1262 1101 1359 1162 est.
1386 1086 1506 1138 Sive
1526 1089 1658 1140 enim
1681 1089 1824 1158 ignea
1845 1084 2052 1144 materia
2069 1105 2121 1146 et
2139 1110 2268 1147 ven·

481 1193 561 1232 tus
581 1183 649 1231 ita
677 1181 951 1246 iunguntur
966 1176 1019 1226 in
1047 1162 1205 1236 nube,
1234 1187 1292 1224 ut
1320 1173 1511 1225 fulmen
1538 1175 1702 1227 veluti
1721 1179 1937 1244 quodam
1968 1181 2132 1232 calido
2149 1181 2259 1234 for-

480 1277 603 1322 nace
622 1272 761 1320 intus
777 1268 1050 1318 fabricetur
1070 1279 1122 1316 et
1142 1264 1413 1316 excudatur
1426 1301 1440 1324 ,
1468 1283 1525 1317 v.
1546 1278 1684 1329 274-
1698 1281 1814 1332 ²94·
1841 1269 1954 1321 sive
1973 1285 2162 1324 ventus
2182 1289 2270 1326 ex.

478 1359 728 1410 trinsecus
759 1353 1037 1420 impingens
1062 1351 1242 1402 nubem
1266 1351 1481 1418 rumpit,
1516 1365 1864 1422 maturumque
1889 1357 2076 1409 fulmen
2100 1361 2268 1424 elicit,

484 1467 540 1500 v.
564 1462 654 1512 ²95
674 1461 831 1512 -299.
865 1442 979 1495 sive
1008 1455 1224 1506 ventus,
1264 1443 1378 1494 sine
1414 1443 1529 1510 igne·
1547 1459 1577 1493 e
1599 1445 1736 1494 nube
1769 1448 2078 1512 erumpens,
2115 1451 2270 1519 longo

451 1533 461 1542 ”
482 1552 631 1588 cursu
653 1548 705 1588 et
721 1534 913 1603 pernici
936 1545 1079 1584 motu
1100 1531 1361 1586 incalescit
1382 1544 1435 1584 et
1452 1533 1772 1599 accenditur,
1795 1549 1848 1585 v.
1867 1550 1964 1600 300
1981 1560 2005 1606 f
2021 1540 2136 1603 308.
2155 1539 2270 1593 sive

490 1624 707 1692 impetus
729 1622 871 1676 venti
888 1639 955 1674 ex
972 1639 1027 1674 te
1046 1623 1277 1690 perculsa
1310 1611 1495 1674 semina
1527 1621 1658 1692 ignis
1682 1623 1869 1673 excitat
1885 1660 1900 1684 ,
1920 1641 1976 1674 v.
1997 1641 2092 1692 309
2108 1651 2132 1665 ο
2151 1617 2268 1693 322.
2325 1684 2336 1692 ‚

486 1715 643 1766 Porro
664 1715 926 1767 Lucretius
946 1713 1233 1772 mobilitatis
1252 1749 1267 1775 ,
1290 1729 1417 1780 quae
1442 1725 1522 1765 est
1545 1713 1598 1765 in
1617 1713 1826 1793 fulmine
1841 1754 1855 1777 ,
1879 1731 2058 1766 causas
2081 1733 2269 1783 expro-

488 1807 599 1860 mit.
618 1809 751 1858 Nam
770 1819 957 1859 ventus
975 1843 992 1869 ‚
1022 1807 1155 1857 nube
1173 1805 1401 1858 inclusus
1416 1843 1433 1866 ‚
1451 1805 1648 1872 quando
1673 1804 1837 1856 omnia
1853 1805 1965 1856 eius
1986 1808 2139 1857 latera
2158 1822 2273 1874 per-

394 1901 399 1908 ’
488 1900 739 1966 tentavit,
763 1899 1071 1967 ·tandemque
1111 1898 1355 1964 erumpit,
1386 1895 1708 1949 velocissime
1729 1899 1904 1948 evolet
1931 1912 2136 1947 necesse
2161 1909 2271 1958 est,

490 2008 544 2043 v.
568 2007 659 2059 323
675 2017 697 2031 ·
712 1987 1134 2060 329.'pracsertim
1154 2006 1268 2040 cum
1292 2003 1321 2040 e
1349 1986 1555 2038 minutis
1587 1995 1792 2057 constet
1824 1985 2127 2053 levibusque
2161 1988 2268 2038 ele·-

487 2075 695 2136 mentis,
716 2075 934 2142 ideoque
954 2090 1044 2142 per
1063 2073 1233 2125 inanes
1250 2087 1443 2125 meatus
1464 2073 1592 2124 ae'ris
1613 2072 1758 2124 facile
1786 2082 2004 2124 transeat
2016 2098 2040 2134 ,·
2058 2091 2113 2122 v.
2135 2087 2232 2140 330
2247 2099 2277 2115 ·

490 2183 607 2234 334.
642 2165 848 2218 Accedit
871 2167 981 2218 eius
1000 2165 1217 2234 gravitas
1233 2201 1249 2227 ,
1270 2180 1427 2231 eaque
1450 2165 1557 2216 ictu
1587 2147 1800 2235 maxime
1823 2163 2032 2214 adaucta
2053 2202 2068 2228 ,
2094 2181 2148 2214 v.
2171 2179 2197 2231 3
2205 2177 2268 2232 35

490 2283 515 2298 -
536 2271 650 2321 339.
681 2255 743 2305 Et
764 2255 899 2322 quod
920 2272 949 2308 e
974 2257 1252 2324 longinquo
1273 2254 1401 2306 cadit
1418 2295 1432 2319 ‚
1462 2253 1648 2306 idcirco
1671 2255 1842 2320 plures
1875 2253 2142 2304 celeritatis
2165 2270 2274 2322 grag-

484 2343 579 2395 dus
607 2361 865 2396 momento
890 2345 1119 2412 quolibet
1136 2345 1379 2414 acquirit,
1414 2337 1584 2397 forsan
1603 2337 1756 2396 etiarn
1777 2345 1836 2394 ab
1854 2344 1968 2412 ipso
1991 2345 2108 2396 aere
2126 2344 2275 2395 iuva-

485 2442 569 2482 tur
586 2467 601 2493 ,
619 2449 673 2484 v.
696 2447 789 2497 340
803 2457 832 2473 ··
852 2448 966 2500 347.
1011 2433 1107 2485 Sed
1141 2435 1279 2484 varia
1298 2448 1377 2486 est
1397 2451 1450 2484 ac
1470 2434 1734 2501 multiplex
1761 2432 1843 2482 vis
1858 2469 1874 2495 ,
1907 2447 2050 2498 quam
2082 2431 2273 2487 fulmen

490 2524 542 2574 in
565 2540 775 2591 corpora
792 2526 1007 2587 exserit5
1032 2528 1177 2579 cuius
1198 2530 1271 2580 rei
1292 2517 1520 2581 rationes
1554 2529 1896 2587 declarantur,
1918 2543 1971 2575 v.
1997 2527 2092 2591 348
2109 2507 2178 2591 :3
2190 2523 2274 2587 56.

490 2615 651 2669 addita
681 2607 831 2669 causa
850 2658 866 2683 ,
888 2636 979 2669 cur
1011 2634 1281 2671 auctumno
1308 2636 1360 2672 et
1392 2638 1514 2673 vere
1542 2621 1795 2671 crebriora
1832 2618 1936 2668 sint
1962 2618 2190 2667 tonitrua
2215 2627 2270 2669 et

490 2706 736 2769 fulmina„
757 2725 811 2761 v.
837 2722 930 2773 357
946 2733 974 2747 ·
991 2711 1110 2774 378.-
1130 2708 1365 2776 Denique
1396 2726 1485 2761 eos
1505 2710 1661 2775 poeta
1690 2707 1818 2757 ridet
1837 2744 1850 2767 ,
1882 2708 1970 2773 qui
1985 2744 2000 2767 ,
2025 2706 2271 2773 neglectis

492 2795 712 2849 fulminis
737 2798 899 2848 causis
924 2799 1230 2849 naturalibus
1247 2836 1262 2859 ,
1283 2816 1345 2849 ex
1377 2815 1439 2851 eo
1468 2798 1604 2867 signa
1621 2796 1916 2873 [voluntatis
1935 2798 2163 2848 Deorum
2187 2798 2268 2847 in-

494 2891 725 2955 cognitae
746 2886 1007 2955 indagant,
1024 2902 1079 2937 v.
1101 2902 1196 2953 379
1212 2894 1363 2947 -42“2.
1392 2884 1608 2943 fulmini
1628 2883 1792 2936 affinis
1815 2894 1893 2935 est
1908 2900 2108 2951 prester-3
2125 2883 2272 2935 cuius

434 2978 441 2985 ’
494 2969 663 3031 brevis
684 2980 954 3047 explicatio
988 2980 1277 3049 adiungitur
1294 3016 1307 3030 .
1334 2998 1388 3031 v.
1410 2968 1507 3048 ‘423
1528 3010 1551 3022 -
1569 2996 1688 3046 450.
1717 2981 1850 3031 Tum
1867 2979 1930 3031 de
1951 2978 2143 3029 nubibus
2164 2976 2292 3029 dis--

494 3070 642 3131 serit,
659 3088 760 3139 quo
781 3085 929 3141 pacto
950 3072 1213 3142 gignantur
1235 3073 1287 3123 in
1320 3077 1464 3126 coelo
1479 3113 1494 3137 ‚
1516 3094 1572 3125 v.
1592 3090 1684 3139 45¹
1711 3104 1733 3116 ·
1747 3076 1866 3139 458.
1897 3074 1949 3123 in
1985 3071 2270 3133 montibus,

496 3176 552 3211 v.
568 3174 665 3226 459
684 3189 709 3200 -
726 3159 845 3227 469.
878 3160 930 3210 in
953 3160 1072 3211 mari
1087 3196 1102 3221 ,
1134 3178 1189 3212 v.
1212 3177 1309 3227 470
1330 3190 1353 3203 ·
1369 3153 1487 3225 480.
1514 3179 1604 3231 per
1622 3174 1815 3213 aestum
1845 3162 2090 3223 aetheris,
2115 3159 2271 3213 alias-

494 3264 595 3315 que
619 3265 698 3300 res
714 3284 729 3310 ,
747 3262 873 3314 quae
898 3248 1214 3302 extrinsecus
1232 3246 1471 3312 veniunt,
1492 3264 1544 3303 et
1565 3252 1617 3301 in
1637 3252 1752 3301 aere
1776 3254 2082 3315 coalescunt,
2099 3268 2154 3302 v.
2167 3254 2262 3315 481

500 3364 525 3378 -
548 3354 662 3404 494.
685 3337 840 3390 Porro
862 3338 925 3391 de
943 3356 1064 3407 aqua
1076 3342 1275 3405 pluvia,
1301 3358 1358 3391 v.
1380 3356 1473 3407 495
1487 3366 1513 3381 ·-
1532 3340 1644 3405 516.
1666 3340 1721 3391 in
1747 3341 2023 3409 primisque
2040 3342 2100 3393 de
2113 3341 2274 3410 inibi·
2341 3373 2347 3378 ι

495 3427 579 3477 bus
592 3464 610 3487 ,
632 3446 687 3479 v.
711 3443 805 3492 5ι7
823 3457 846 3472 -
867 3443 977 3496 523.
1005 3428 1066 3481 de
1088 3431 1198 3480 iride
1213 3466 1232 3490 ,
1250 3447 1305 3489 v.
1332 3446 1426 3493 524
1440 3460 1462 3472 -
1480 3430 1593 3493 526.
1625 3432 1838 3498 aliisque
1855 3447 2049 3481 naturae
2059 3432 2273 3499 phaeno-

494 3523 669 3579 mem's,
692 3538 747 3573 v.
770 3536 901 3585 527·
916 3535 1025 3589 535.
1056 3536 1184 3588 quae
1208 3522 1409 3589 possint
1428 3521 1640 3588 aliquam
1662 3520 1722 3572 de
1739 3521 1851 3573 Diis
1878 3534 1930 3574 et
1953 3522 2271 3595 providentia

496 3609 785 3675 opinionem
808 3610 972 3665 facere
986 3648 1001 3674 ,
1024 3611 1269 3679 disputat.
1304 3614 1361 3663 ln
1386 3612 1462 3664 his
1480 3600 1821 3665 memorabiles
1841 3626 1958 3663 sunt
1977 3626 2140 3673 motus
2163 3626 2270 3667 ter·-

417 3730 423 3739 ·
494 3686 608 3755 tae:
637 3719 764 3771 quae
781 3718 869 3758 aut
892 3702 1222 3764 inclinatione
1240 3690 1445 3773 quadam
1469 3707 1521 3755 in
1548 3708 1704 3757 latera
1726 3716 1896 3766 nutat,
1923 3723 1978 3765 y.
2005 3703 2097 3773 536
2113 3736 2136 3747 -
2152 3700 2266 3771 576.

495 3805 586 3843 aut
601 3792 928 3847 succussione
953 3811 1150 3847 sursum
1169 3794 1398 3847 deorsum
1418 3796 1643 3863 quatitur
1657 3832 1673 3857 ,
1692 3815 1748 3849 v·
1773 3812 1864 3861 577
1879 3826 1902 3839 ·
1922 3796 2036 3863 607.
2069 3778 2270 3849 Mem..
2294 3782 2300 3788 ⁴

498 3882 650 3935 rabile
669 3882 815 3935 etiam
834 3923 850 3950 ,
870 3885 1003 3951 q'uod
1020 3924 1036 3950 ,
1058 3885 1329 3939 tot'fluviis
1342 3886 1407 3937 'in
1430 3884 1564 3940 mate'
1583 3884 1962 3940 decurrentibus
1976 3924 1992 3949 ,
2021 3902 2156 3940 mare
2181 3899 2267 3937 ta-
