3117 5050
731 463 852 539 χιι
1193 437 2175 514 T.LUcRET11

729 604 1035 677 minime
1057 617 1391 697 corrupta
1417 620 1490 673 et
1521 602 1867 674 mendosa
1896 603 2161 674 habens
2184 653 2206 691 ,
2244 604 2417 675 haec
2453 604 2665 698 scrip-

731 712 896 784 serit
939 712 1236 783 tamen?
1278 709 1507 803 Atqui
1539 710 1721 782 nihil
1758 732 1857 781 est
1890 711 1967 781 in
2008 711 2338 783 Lucretio
2374 733 2667 809 magno-

731 849 902 918 pere
949 825 1233 894 difficile
1273 823 1553 896 homini
1593 822 2058 894 tolerabiliter
2096 823 2429 910 erudite,
2470 840 2541 892 et
2585 822 2662 894 in

735 933 1103 1028 disciplina
1126 929 1410 1026 Epicuri
1437 957 1591 1005 non
1631 933 1933 1003 omnino
1962 933 2265 1028 hospiti:
2303 935 2473 1027 quia
2503 936 2661 1028 ple-

733 1065 958 1134 taque
985 1041 1060 1110 in
1100 1066 1190 1112 eo
1216 1056 1416 1129 sunt,
1453 1065 1640 1136 quae
1662 1063 1817 1113 non
1842 1040 2063 1112 debet
2089 1043 2407 1140 ignorare
2435 1045 2663 1116 homo

733 1151 1036 1221 honesto
1082 1153 1246 1223 loco
1297 1169 1545 1239 natus,
1596 1167 1671 1221 et
1710 1151 2091 1224 liberaliter
2154 1153 2542 1240 educatus,
2590 1167 2668 1222 et

731 1257 946 1330 bonis
969 1258 1236 1330 artibus
1277 1259 1630 1346 eruditus,
1676 1258 1955 1332 nedum
1978 1261 2073 1346 is,
2120 1258 2249 1350 qui
2282 1276 2384 1330 est
2429 1277 2667 1330 orator

734 1370 1127 1463 aliquando
1155 1370 1480 1458 futuru-s,
1515 1386 1591 1442 et
1610 1369 1810 1464 apud
1844 1369 2261 1464 pontifices,
2302 1372 2499 1464 apud
2530 1373 2670 1443 im-

735 1498 1090 1573 peratores
1113 1531 1134 1566 ,
1176 1483 1370 1574 apud
1411 1507 1642 1579 reges,
1680 1481 1879 1576 apud
1916 1481 2235 1575 populos
2284 1483 2671 1575 opulentos

734 1612 816 1658 ac
842 1607 1171 1682 potentes
1213 1593 1482 1688 magnis
1519 1592 1611 1662 de
1646 1594 1857 1663 rebus
1904 1593 2122 1663 verba
2157 1591 2489 1662 facturus.

837 1699 998 1768 Tali
1027 1699 1239 1795 igitur
1267 1697 1553 1795 ingenio
1582 1700 1947 1794 praeditus
1972 1716 2192 1792 atque
2217 1716 2499 1770 ornatus
2517 1752 2540 1789 ,
2560 1715 2673 1770 ta-

735 1807 1077 1901 libusque
1125 1807 1553 1879 adiumentis
1590 1810 1848 1901 partim
1894 1833 1934 1876 a
1976 1827 2265 1895 natura,
2325 1809 2580 1902 partim
2628 1831 2673 1879 a

739 1917 982 1990 studio
1009 1938 1082 1988 et
1105 1916 1427 1989 doctrina
1445 1918 1822 1989 instructus
1847 1916 2216 1988 Lucretius
2236 1939 2382 1988 sese
2400 1917 2493 1987 ad
2516 1915 2674 1989 scri·

740 2029 1075 2100 bendum
1098 2027 1192 2098 de
1217 2045 1465 2098 natura
1487 2051 1728 2098 rerum
1758 2026 2071 2099 contulit
2088 2079 2111 2116 ,
2138 2025 2489 2100 scribendi
2512 2027 2675 2121 qui-

743 2137 1164 2234 demgenus
1193 2153 1264 2207 et
1293 2137 1544 2233 figuras
1574 2153 1646 2207 et
1676 2135 2674 2234 grandiloquentiamEmpe-

745 2245 966 2316 doclis
986 2262 1302 2330 secutus3
1349 2245 1717 2315 materiam
1743 2269 1913 2316 vero
1934 2296 1958 2331 ,
1992 2261 2064 2316 et
2088 2270 2191 2316 res
2216 2245 2305 2317 ab
2326 2245 2671 2339 Epicure,

746 2358 948 2429 cuius
975 2356 1420 2450 disciplinam
1445 2373 1518 2426 et
1543 2354 1823 2427 decreta
1850 2357 2204 2427 adamarat
2226 2409 2247 2444 ,
2284 2371 2669 2426 mutuatus.

846 2467 1022 2572 Quo
1048 2466 1294 2537 mortis
1317 2489 1571 2563 genere
1594 2465 1977 2538 exstinctus
2010 2465 2097 2536 sit
2119 2464 2514 2553 Lucretius,
2536 2463 2675 2535 dif-

744 2574 930 2647 ficile
963 2574 1164 2649 dictu
1197 2592 1337 2661 est3
1398 2598 1641 2669 neque
1676 2577 1912 2647 multo
1946 2574 2211 2653 facilius
2257 2592 2359 2647 est
2398 2574 2673 2653 dicere,

749 2704 983 2780 quoto
1019 2712 1184 2757 suae
1222 2686 1462 2757 aetatis
1491 2709 1685 2756 anno
1724 2711 1762 2754 e
1806 2687 1947 2756 vita
1993 2684 2385 2757 discesserit.
2452 2685 2675 2755 Pleri-

750 2822 898 2891 que
923 2814 1297 2869 mortuum
1322 2819 1464 2867 esse
1498 2795 1741 2867 ferunt
1772 2819 1963 2866 anno
1994 2797 2233 2866 aetatis
2274 2798 2508 2868 xL111.'
2540 2792 2675 2864 Cn.

748 2906 1099 3001 Pompeio
1129 2906 1396 3004 Magno
1445 2906 1567 2975 111.
1628 2906 1935 2981 Caecilio
1980 2910 2279 2982 Metello
2312 2912 2443 2983 Pio
2488 2914 2675 2994 Coss.

751 3044 864 3090 an.
905 3022 996 3097 ab
1043 3020 1131 3091 U.
1159 3020 1238 3091 C.
1278 3038 1484 3091 DCCI.
1532 3020 1793 3091 eodem
1847 3020 1963 3091 die
1998 3046 2151 3114 quo
2180 3022 2252 3093 P.
2292 3022 2676 3123 Virgilium

750 3127 1132 3199 Maronem
1159 3146 1412 3200 natum
1441 3154 1584 3201 esse
1614 3131 1956 3201 nonnulli
1982 3133 2326 3227 scriptum
2369 3135 2679 3224 relique-

755 3254 952 3309 runt.
1007 3238 1288 3310 Nolunt
1320 3257 1561 3311 autem
1584 3292 1607 3328 ,
1652 3265 1821 3312 eum
1860 3257 1983 3313 aut
2028 3268 2151 3311 sua
2190 3260 2447 3336 sponte
2484 3265 2678 3312 mor·
2752 3228 2759 3236 ⁸

755 3363 905 3417 tem
951 3346 1240 3434 obiisse,
1287 3366 1411 3419 aut
1449 3350 1742 3425 alicuius
1768 3350 2003 3419 morbi
2031 3351 2148 3437 vi,
2205 3364 2287 3420 ut
2333 3351 2452 3435 fit,
2498 3372 2679 3420 con·

760 3467 1084 3525 sumtum
1121 3475 1265 3524 esse
1289 3505 1313 3540 ‚
1360 3456 1520 3543 sed,
1565 3473 1649 3528 ut
1692 3457 1841 3527 eius
1884 3456 2170 3528 obitum
2212 3448 2679 3560 vrpayeaea‘mpov

759 3563 1052 3650 faciant,
1099 3566 1424 3636 scribunt
1459 3592 1629 3640 eum
1658 3567 1791 3637 sibi
1835 3568 2068 3661 ipsum
2110 3591 2364 3638 manus
2399 3569 2675 3639 attulis-

761 3700 851 3745 se.
915 3673 1054 3745 Alii
1102 3675 1340 3747 taedio
1373 3678 1558 3748 vitae
1580 3729 1603 3766 ,
1642 3676 1844 3771 quod
1882 3678 2179 3771 patriam
2210 3702 2406 3750 suam
2444 3680 2678 3750 ambi-

659 3810 664 3813 ·
761 3784 959 3853 tione
987 3836 1007 3871 ,
1042 3784 1362 3873 avaritia,
1416 3778 1729 3872 luxuria,
1780 3786 2162 3875 discordia,
2214 3806 2288 3861 et
2334 3787 2681 3860 similibus

675 3996 694 4021 ς
761 3896 1166 3987 civitatum,
1225 3920 1408 3991 quae
1465 3897 1595 3969 diu
1646 3896 2045 3972 floruerunt
2067 3951 2089 3990 ,
2139 3914 2214 3970 et
2262 3899 2404 3970 iam
2466 3921 2671 3970 sene-
