3117 5050
1333 266 1502 322 NJ

2292 409 2328 431 Χ

829 455 990 532 DE·
1029 455 1120 530 Τ.
1173 451 1813 531 LUCRETlos
1868 461 1873 468 ’
2053 475 2275 578 xxxv
2373 444 2395 458 ⁸

589 639 706 706 por
727 638 915 720 atque
936 621 1243 684 editorum
1273 626 1416 718 ante
1437 637 1579 722 eum
1601 618 1911 718 temeritas
1930 617 2105 684 nobis
2126 639 2281 704 pae-

587 719 1062 862 32222251532‘
1061 701 2283 869 zlffizssaezffissffzssztazffizw..32⁰²...

587 865 700 928 tim
723 866 1074 950 exegeticae
1091 911 1112 942 ,
1139 865 1364 948 quibus
1385 885 1482 929 res
1500 883 1563 928 et
1584 865 1923 929 sententiae
1938 863 2123 928 docte
2140 883 2285 930 eru-

587 946 837 1030 diteque
877 947 1266 1030 explicantur.
1307 946 1579 1040 Antiqua
1618 945 1915 1009 scribendi
1952 948 2111 1008 ratio
2140 945 2285 1010 ubi-

590 1047 716 1124 que
749 1025 874 1092 fere
899 1047 992 1092 est
1013 1027 1287 1092 reducta.
1335 1025 1577 1092 Nobssis
1614 1027 1803 1092 editio
1845 1026 2285 1112 elegantissime

565 1129 672 1172 run
715 1127 902 1172 ressa.

356 1207 514 1274 ¹799
587 1129 847 1334 ἷαξὶεἰὶε.
893 1187 952 1253 8.
983 1209 1020 1254 a
1046 1189 1202 1256 voll-
1245 1207 1387 1255 cum
1421 1188 1710 1254 versione
1750 1187 1986 1254 Gallica
2018 1205 2085 1255 et
2121 1188 2286 1256 notis

639 1297 670 1336 a
741 1293 838 1332 ran
911 1314 930 1331 .
1892 1293 1897 1296 “

356 1347 506 1414 1801
585 1351 664 1415 T.
730 1294 952 1426 uergii
975 1349 1120 1415 Cari
1136 1351 1210 1412 de
1236 1367 1439 1414 rerum
1457 1367 1677 1416 natura
1692 1349 1828 1414 libri
1849 1368 1956 1414 sex
1973 1399 1995 1428 ,
2025 1353 2102 1416 ad
2116 1351 2286 1447 opti-

595 1451 839 1496 morum
855 1431 1314 1516 *exemplarium
1344 1431 1526 1500 fidem
1563 1431 1883 1506 emendati.
1922 1431 2084 1496 Cum
2110 1431 2285 1496 Rich.

473 1587 478 1590 ,
595 1511 852 1578 Bentleii
874 1513 1526 1588 animadversionibus,
1543 1512 1709 1576 Gilb.
1727 1511 2103 1576 Wakefieldi
2120 1532 2290 1597 prae·

595 1593 928 1658 sationibus
954 1613 1018 1659 et
1033 1593 1482 1658 commentariis
1503 1593 1755 1678 integris
1772 1638 1794 1670 ‚
1818 1611 2165 1659 ceterorum
2208 1611 2290 1658 ue

591 1671 1005 1758 Interpretum
1050 1676 1703 1760 praestantissimorum
1754 1674 2175 1740 observationi
2216 1695 2289 1741 us

598 1756 835 1820 selectis
857 1755 1048 1819 edidit
1061 1802 1082 1831 ,
1108 1775 1252 1821 suas
1281 1772 1460 1820 notas
1479 1773 1544 1822 et
1572 1756 1803 1821 indices
1837 1757 2291 1841 copiosissimos

596 1836 814 1902 adIecit
826 1837 1002 1902 Hem.
1025 1839 1147 1900 Car.
1171 1839 1314 1901 Abr.
1328 1839 1663 1904 Eichsmdt.
1681 1837 1993 1902 volumen
2006 1838 2287 1924 primum.

597 1919 842 2003 Lipsiae,
875 1919 1121 2002 impensis
1148 1919 1294 1983 Petr.
1313 1917 1460 1982 Phil.
1488 1921 1678 2000 Wolfii
1708 1935 1759 1980 ee
1786 1920 2068 1982 sociorum.
2094 1918 2285 1982 8mai.

597 2029 682 2064 -.-
700 1999 988 2082 Sequitur
1010 2015 1248 2064 textum
1267 2019 1306 2062 a
1322 1999 1717 2064 Wakefieldo
1738 1999 2141 2062 constitutum
2160 2043 2181 2074 ,
2204 2000 2291 2064 ita

565 2095 833 2158 tamen,
868 2097 940 2144 ut
975 2081 1122 2166 quid
1211 2079 1276 2142 id
1299 2079 1364 2143 in
1387 2099 1466 2143 eo
1499 2079 1603 2145 vel
1632 2097 1945 2176 perperam
1980 2078 2291 2166 reliquisse

595 2161 700 2226 vel
729 2162 1059 2225 innovasse
1074 2163 1142 2225 vi
1183 2161 1403 2224 ebatur
1421 2161 1645 2224 doctus
1662 2161 1989 2224 Britannus
2002 2205 2024 2237 ‚
2054 2167 2293 2242 (nova-

592 2243 692 2306 vit
721 2258 928 2305 autem
951 2243 1204 2327 plurima
1231 2260 1364 2306 tum
1386 2241 1692 2307 Codicum
1720 2259 1849 2306 tum
1871 2241 2118 2306 criticae
2136 2261 2293 2306 con-.-

597 2322 907 2395 iecturalis
941 2342 1063 2407 ope
1079 2323 1144 2407 3)
1176 2322 1239 2385 id
1277 2342 1462 2394 omne
1502 2323 1830 2408 expelleret
1866 2323 2293 2389 Eichstaedtus

600 2407 1014 2490 melioresque
1032 2405 1332 2470 lectiones
1353 2405 1727 2488 postliminio
1752 2403 2090 2470 reduceret.
2115 2403 2293 2468 Tex-

604 2488 696 2553 tui
725 2488 1114 2571 praemissae:
1155 2485 1220 2571 1)
1235 2485 1282 2551 E
1323 2485 1505 2551 istola
1531 2488 1605 2555 ad
1629 2487 2064 2565 h.Weissium,
2089 2488 2153 2552 in
2170 2505 2293 2573 qua

597 2570 680 2632 de
713 2569 967 2634 consilio
1003 2569 1184 2633 huius
1222 2586 1259 2631 e
1300 2567 1506 2633 ‘tionis
1539 2569 1779 2653 agitur3
1824 2570 1893 2653 2)
1917 2568 2294 2634 Wakefieldi

599 2648 1053 2729 Praefationes3
1095 2648 1164 2733 3)
1199 2650 1276 2713 de
1308 2647 1388 2713 T.
1416 2648 1685 2714 Lucretii
1722 2650 1869 2725 Vita
1899 2666 1965 2713 et
2006 2650 2297 2717 Carmine

555 2802 568 2815 ³
600 2730 788 2796 docta
815 2730 1276 2797 Commentario
1300 2729 1573 2795 editoris.
1611 2728 1683 2792 ln
1703 2728 1827 2795 fine
1844 2747 1937 2795 est
1953 2728 2147 2799 Index
2167 2750 2293 2799 no—

602 2813 836 2875 minum
849 2833 912 2879 et
930 2813 1262 2877 verborum
1289 2811 1354 2873 in
1372 2810 1640 2875 Lucretii
1664 2813 1931 2891 carmine
1957 2812 2293 2878 obvenien-

605 2896 760 2959 tium
797 2892 1166 2961 utilissimus.
1213 2890 1659 2959 Commentarii
1694 2894 1761 2958 in
1796 2894 1985 2962 titulo.
2010 2892 2293 2980 promisti

603 2974 802 3071 adhuc
827 2988 1280 3061 exspectantur.

1081 3272 1579 3297 m
