3117 5050
818 479 933 524 ω
1202 459 1337 521 m:
1388 457 1763 520 RERUM
1815 455 2241 520 NATURA
2393 451 2457 518 ἡ.
2503 429 2657 540 294ζ

814 605 1099 670 Mittitur
1115 600 1367 664 ardenti
1385 598 1633 662 sonitus
1653 618 1853 679 quom
1879 601 2183 680 provolat
2208 598 2364 666 ictu.

895 711 1005 774 Est
1024 706 1247 786 etiam,
1270 722 1473 784 quom
1492 702 1593 764 vis
1612 702 2007 768 extrinsecus
2033 702 2234 765 incita
2260 703 2444 766 venti

814 813 1053 880 Incidit
1077 811 1149 872 in
1168 811 1454 874 validam
1479 819 1739 872 maturo
1767 831 1806 872 a
1831 789 2120 874 culmine
2150 813 2434 873 nubem:

752 983 757 989 ,
818 922 1037 1004 Quam
1054 936 1253 998 quom
1268 914 1608 998 perscidit,
1629 919 1958 999 extemplo
1980 917 2150 980 cadit
2171 903 2402 1004 igneus
2423 919 2539 982 ine

820 1027 1067 1092 vortex
1083 1069 1103 1104 ,
1120 1044 1316 1103 quem
1337 1021 1553 1104 patrio
1575 1021 1938 1085 vocitamus
1960 1022 2230 1085 nomine
2249 1024 2520 1085 fulmen.

820 1133 966 1194 Hoc
986 1129 1059 1192 fit
1078 1130 1255 1191 idem
1276 1129 1349 1190 in
1369 1127 1611 1209 parteis
1631 1127 1819 1209 alias,
1842 1148 2234 1210 quoeunque
2265 1131 2410 1192 tulit
2430 1129 2548 1193 vis.

904 1233 1006 1296 Fit
1026 1239 1404 1313 quoque1,ut
1419 1228 1755 1290 interdum
1773 1228 1954 1292 venti
1971 1229 2068 1292 vis
2081 1275 2100 1310 ,
2123 1229 2314 1316 miesa
2331 1232 2471 1294 sine
2490 1229 2662 1318 igni,

824 1339 1116 1422 Ignescat
1144 1343 1362 1398 tamen
1388 1332 1461 1394 in
1484 1331 1720 1414 spati0,
1747 1333 2080 1418 longoque
2105 1345 2318 1397 meatu
2333 1381 2351 1415 ,

826 1441 1000 1502 Dum
1022 1437 1232 1518 venit,
1254 1437 1552 1498 amittens
1569 1434 1638 1496 in
1662 1455 1852 1498 cursu
1879 1456 2154 1521 corpora
2177 1441 2502 1518 quaedam

830 1545 1119 1609 Grandia
1131 1591 1148 1625 ,
1166 1563 1335 1625 quae
1354 1552 1686 1622 nequeunt
1705 1544 1950 1630 pariter
1969 1554 2312 1628 penetrare
2329 1567 2447 1628 per
2466 1563 2681 1610 auras:

829 1655 1041 1734 Atque
1060 1651 1189 1714 alia
1210 1672 1291 1712 ex
1310 1650 1451 1732 ipso
1470 1653 1834 1714 conradens
1853 1657 2002 1716 a'ere
2022 1662 2240 1736 portat
2263 1668 2278 1686 ⁸

830 1757 1139 1837 Parvola,
1163 1775 1330 1835 quae
1352 1754 1601 1816 faciunt
1622 1754 1877 1840 ignem,
1903 1756 2257 1819 commixta
2272 1802 2291 1839 ,
2309 1756 2632 1818 volandoe

833 1867 980 1926 Non
1000 1861 1129 1924 alia
1150 1863 1347 1946 longe
1374 1859 1627 1922 ratione
1639 1905 1657 1940 ,
1681 1875 1757 1921 ac
1777 1860 2090 1942 plumbea
2106 1879 2302 1943 saepe

834 1966 1111 2032 Fervida
1130 1963 1201 2027 fit
1218 1966 1405 2050 glans
1430 1961 1502 2025 in
1524 1983 1712 2024 cursu
1729 2009 1748 2044 ,
1771 1983 2002 2047 quom,
2022 1965 2231 2027 multa
2254 1963 2490 2050 rigoris
2616 1968 2733 2044 307

835 2078 1127 2156 Corpora
1146 2069 1479 2134 dimittens
1491 2115 1510 2151 ,
1532 2070 1752 2156 ignem
1771 2071 2071 2153 concepit
2088 2071 2160 2134 in
2183 2071 2378 2134 auris.

919 2183 1019 2246 Fit
1038 2202 1328 2264 quoque,
1348 2189 1422 2242 ut
1440 2178 1642 2262 ipsius
1667 2171 1895 2265 plagae
1915 2179 2014 2242 vis
2035 2179 2269 2244 excitet
2297 2180 2521 2265 ignem
2535 2223 2554 2260 ,

840 2287 1101 2372 Frigida
1122 2304 1324 2364 quom
1345 2282 1524 2346 venti
1542 2283 1798 2365 pepulit
1813 2282 1914 2345 vis
1929 2329 1949 2366 ,
1970 2283 2164 2346 missa
2184 2283 2324 2346 sine
2341 2282 2520 2368 igni;

839 2389 1164 2451 Nimirum
1180 2433 1199 2468 ,
1218 2386 1373 2468 quia
1396 2406 1598 2466 quom
1611 2387 1984 2450 vehementi
2002 2387 2275 2469 perculit
2295 2386 2426 2448 ictu
2439 2428 2462 2464 ,

842 2495 1187 2557 Confluere
1210 2513 1293 2555 ex
1313 2491 1455 2575 ipso
1475 2500 1744 2573 possunt
1761 2489 2080 2565 elementa
2101 2487 2392 2571 vaporis&

845 2603 925 2663 Et
940 2602 1135 2665 simul
1158 2621 1239 2663 ex
1258 2600 1400 2681 illa,
1424 2620 1593 2681 quae
1614 2609 1754 2662 tum
1777 2610 1878 2661 res
1901 2598 2139 2683 excipit
2159 2596 2360 2661 ictum
2379 2619 2396 2659 τ

846 2709 966 2787 Ut,
987 2706 1273 2789 lapidem
1294 2706 1471 2769 ferro
1492 2724 1693 2785 quom
1717 2706 2079 2787 caedimus,
2098 2706 2311 2767 evolat
2334 2701 2568 2789 ignig'
2659 2702 2668 2707 ”

848 2810 1008 2888 Nec,
1029 2810 1207 2891 quod
1226 2806 1469 2893 frigida
1481 2806 1582 2869 vis
1599 2806 1759 2869 ferri
1779 2816 1898 2889 est,
1921 2808 2050 2871 hoc
2070 2807 2274 2872 secius
2296 2808 2413 2869 illa

851 2912 1110 2976 Semina
1138 2918 1534 2973 concurrunt
1556 2908 1756 2970 calidi
1785 2909 2064 2995 fulgoris
2085 2913 2167 2973 ad
2187 2909 2409 2973 ictum.

852 3017 956 3082 Sic
977 3016 1178 3102 igitur
1197 3034 1459 3095 quoque
1480 3034 1584 3075 res
1603 3013 1876 3076 acce-ndi
1897 3014 2176 3078 fulmine
2197 3018 2411 3099 debet,

855 3123 1245 3204 Opportuna
1262 3117 1383 3181 fuit
1401 3116 1456 3182 si
1477 3116 1645 3179 forte
1665 3126 1730 3179 et
1747 3116 1988 3181 idonea
2011 3120 2307 3183 flammis.
2422 3106 2434 3113 ”

855 3228 911 3285 N
914 3246 987 3287 ec
1008 3234 1247 3291 temere
1266 3220 1541 3284 omnino
1563 3221 1762 3301 plane
1781 3220 1880 3282 vis
1899 3220 2142 3305 frigida
2159 3220 2340 3283 venti

855 3328 1005 3390 Esse
1026 3334 1236 3409 potest
1250 3370 1269 3407 ,
1290 3344 1370 3386 ex
1388 3343 1521 3406 quo
1546 3332 1727 3384 tanta
1747 3321 1814 3382 vi
1837 3322 2033 3385 missa
2052 3342 2331 3405 superne
2349 3330 2475 3401 θείς

860 3434 1041 3515 Quin
1057 3432 1241 3515 prius
1250 3431 1331 3501 in
1350 3450 1539 3495 cursu
1558 3430 1616 3493 si
1637 3450 1771 3493 non
1791 3430 2170 3493 accenditur
2186 3430 2352 3517 igni,

859 3542 943 3601 At
965 3541 1277 3621 tepefacta
1304 3546 1519 3599 tamen
1544 3536 1791 3616 veniat,
1815 3535 2163 3598 commixta
2187 3540 2424 3599 calore.

940 3644 1271 3709 Mobilitas
1290 3642 1509 3706 autem
1530 3640 1606 3704 fit
1627 3642 1954 3722 fulminiS,
1977 3653 2037 3706 et
2059 3642 2276 3729 gravis
2296 3642 2491 3725 ictuS,

862 3747 954 3806 Ac
973 3746 1165 3805 celeri
1184 3748 1390 3810 ferme
1406 3762 1687 3835 pergunt
1708 3749 1800 3812 sic
1821 3749 2099 3811 fulmina
2120 3749 2302 3831 lapsu
2317 3794 2336 3828 ,

866 3850 1161 3915 Nubibus
1186 3850 1326 3931 ipsa
1344 3859 1525 3933 quod
1544 3858 1820 3922 omnino
1839 3857 2019 3940 prius
2035 3856 2239 3921 incita
2257 3876 2325 3919 se
2343 3855 2442 3920 vis

2667 1107 2693 1136 ἢ

2964 0 3016 348 „und
