3117 5050
904 461 961 520 L
998 461 1031 520 I
1070 462 1119 520 B
1161 461 1213 521 E
1252 461 1315 536 R
1394 463 1492 537 V„
1556 479 1624 522 v·
1663 406 1846 543 l1197.
2195 483 2310 528 201

478 615 539 676 N
540 633 615 676 ec
634 610 841 694 pietas
867 607 1005 672 ulla
1029 614 1155 688 est,
1172 605 1460 682 velatum
1485 589 1680 690 saepe
1699 603 1914 668 videri

398 717 667 783 Vortier
678 718 763 780 ad
776 713 1067 798 lapidem
1086 759 1107 794 ‚
1133 723 1329 794 atque
1345 712 1602 777 omneis
1621 714 1938 776 accedere
1953 714 2038 775 ad
2051 733 2230 795 aras;

398 817 535 879 Nec
554 815 985 900 procumbere
1001 811 1190 875 humi
1213 821 1642 894 prostratum,
1663 821 1726 874 et
1751 813 2042 895 pandere
2058 817 2316 898 palinus

374 922 563 984 *Ante
577 917 791 984 Deum
808 903 1117 998 delubra,
1142 937 1353 997 neque
1377 935 1523 980 aras
1541 908 1864 1005 sanguine
1883 919 2097 982 multo
2170 915 2173 922 ’
2217 923 2224 928 ‘
2331 938 2340 974 ·.

396 1024 713 1110 Spargere
734 1022 1239 1106 quadrupedum
1254 1065 1273 1101 ‚
1294 1041 1418 1082 nee
1430 1019 1599 1082 votis
1617 1030 1882 1084 nectere
1898 1033 2082 1101 vota3

276 1158 281 1161 ·
392 1129 523 1192 Sed
544 1150 737 1216 mage
757 1131 1016 1210 placata
1034 1144 1224 1216 posse
1241 1124 1466 1186 omnia
1492 1119 1714 1187 mente
1741 1126 1930 1188 tueri.

368 1232 374 1237 ’
394 1235 592 1316 Nam,
615 1253 819 1314 quom
839 1229 1231 1311 suspicimus
1248 1227 1476 1313 magni
1502 1227 1808 1292 eoelestia
1828 1231 2066 1294 mundi

395 1341 675 1422 Templa
690 1358 915 1433 super,
934 1335 1271 1416 stellisque
1288 1333 1682 1398 micantibus
1705 1336 1970 1398 aethera
1989 1334 2192 1402 fixum
2205 1384 2228 1423 ‚

396 1449 478 1510 Et
492 1445 675 1509 venit
694 1445 770 1510 in
792 1452 1081 1507 mentem
1106 1443 1265 1506 solis
1286 1444 1618 1522 lunaeque
1635 1439 1924 1528 viarum,

398 1550 619 1630 Tunc,
643 1547 787 1610 aliis
808 1531 1117 1630 oppressa
1138 1545 1353 1628 malis,
1374 1544 1447 1608 in
1469 1555 1735 1630 pectore
1752 1565 1914 1611 cura

394 1654 521 1716 Illa
538 1671 801 1733 quoque
818 1649 1348 1738 expergefactum
1366 1655 1564 1734 eaput
1589 1648 1842 1735 erigere
1862 1647 2040 1734 infit,

394 1755 657 1836 Ecquae
678 1755 847 1818 forte
869 1753 1085 1818 Deum
1114 1751 1311 1818 nohis
1324 1753 1647 1821 immensa
1668 1765 1954 1838 potestas

396 1858 519 1941 Sit,
543 1859 729 1940 vario
750 1869 932 1924 motu
954 1879 1125 1940 quae
1144 1859 1437 1922 candida
1444 1860 1664 1922 sidera
1681 1870 1919 1923 vorset.

395 1965 633 2026 Tentat
650 1964 829 2028 enim
842 1963 1115 2028 dubiam
1139 1974 1429 2026 mentem
1448 1963 1723 2026 rationis
1747 1973 1994 2051 egestas
2007 2007 2028 2046 ,

393 2069 809 2149 Ecquaenam
835 2065 1035 2132 fuerit
1058 2061 1295 2134 mundi
1322 2063 1624 2151 genitalis
1643 2063 1866 2150 orig03

392 2171 474 2234 Et
489 2171 717 2250 simul,
740 2189 985 2252 ecquae
1007 2167 1091 2233 sit
1114 2167 1302 2250 finis,
1324 2169 1546 2250 quoad
1567 2169 1830 2232 moenia
1855 2167 2090 2235 mundi
2157 2187 2309 2232 1212
2413 2223 2416 2228 .
2493 2261 2498 2271 ἶ

392 2277 475 2337 Et
503 2274 679 2339 taciti
704 2287 919 2340 motus
942 2277 1121 2338 hunc
1146 2275 1397 2357 possint
1428 2276 1602 2340 ferre
1623 2277 1945 2343 laborem:

391 2385 495 2446 An
509 2427 529 2463 ,
550 2375 867 2446 divinitus
896 2392 1160 2446 aeterna
1182 2383 1424 2445 donata
1446 2383 1586 2462 salu
1595 2391 1690 2463 te,

394 2487 719 2568 Perpetuo
746 2484 997 2569 possint
1021 2485 1169 2549 aevi
1198 2486 1489 2553 labentia
1512 2495 1752 2568 tractu,

391 2595 705 2659 Immensi
721 2596 975 2679 validas
996 2596 1145 2659 aevi
1170 2606 1588 2657 contemnere
1606 2594 1825 2657 vireis.

477 2703 845 2781 Praeterea,
868 2700 1031 2781 quoi
1058 2718 1195 2761 non
1224 2699 1487 2763 animus
1507 2698 1866 2763 formidine
1891 2699 2135 2763 Divom

366 2852 369 2859 -
395 2808 819 2883 Contrahitur
834 2807 866 2867 Ρ
884 2804 1045 2886 quoi
1069 2825 1205 2865 non
1226 2813 1596 2886 eonrepunt
1619 2806 1916 2869 membra
1935 2826 2182 2889 pavore
2194 2854 2215 2891 ,

398 2910 1053 2977 Fulminis'horribili
1079 2932 1281 2992 quom
1307 2913 1507 2998 plaga
1524 2913 1772 2977 torrida
1805 2914 1996 2977 tellus
2082 3000 2085 3003 ῃ

402 3010 791 3093 Gonu-emit,
802 3022 867 3074 et
878 3032 1196 3096 magnum
1207 3024 1604 3095 percurrunt
1620 3037 1962 3079 murmura
1975 3016 2272 3081 eoelum?

402 3116 551 3177 Non
570 3114 806 3197 populi
826 3126 1183 3200 gentesque
1204 3127 1492 3181 tremunt
1508 3121 1537 3181 i·
1561 3140 1876 3205 regesque
1887 3121 2155 3204 superbi
2274 3136 2278 3143 ·

405 3212 798 3301 Conripiunt
818 3218 1365 3302 Divomperculsi
1382 3223 1680 3285 membra
1702 3222 1964 3304 timore,

399 3324 496 3385 Ne
516 3324 695 3403 quod
713 3325 801 3387 ob
820 3323 1175 3387 admissum
1199 3325 1422 3407 foede,
1442 3325 1777 3391 dictumve
1794 3330 2074 3409 superbe
2088 3374 2110 3411 ,

397 3428 769 3491 Poenarum
786 3448 989 3517 grave
1010 3429 1095 3495 sit
1110 3433 1421 3495 solvundi
1440 3443 1698 3517 tempus
1717 3434 1806 3497 ad
1830 3446 2092 3501 auctum
2107 3436 2138 3497 ἰ’

480 3536 747 3597 Summa
768 3536 967 3601 etiam
988 3558 1190 3619 quom
1214 3538 1313 3603 vis
1328 3539 1604 3605 ²violenti
1617 3562 1736 3626 per
1753 3557 1936 3603 mare
1953 3540 2136 3617 venti

367 3698 371 3703 .
399 3640 941 3724 Induperatorem
962 3645 1177 3711 elassis
1193 3666 1394 3729 super
1407 3667 1696 3729 aequora
1713 3646 1941 3730 verrit,
2086 3632 2089 3639 “

402 3748 571 3809 Cum
588 3745 827 3811 validis
842 3747 1086 3831 pariter
1104 3750 1476 3835 legionibus
1490 3796 1511 3834 ,
1528 3752 1726 3834 atque
1739 3752 2134 3838 elephantis3

393 3846 546 3910 *Non
562 3848 805 3914 Divom
822 3870 1056 3935 pacem
1066 3852 1249 3921 votis·
1258 3854 1427 3943 adit,
1438 3874 1517 3921 ac
1532 3876 1728 3941 prece
1747 3854 1998 3939 quaesit
