3117 5050
822 469 937 556 238
976 456 989 462 ⁰
1188 465 1372 534 ‚DE
1428 457 2301 524 RERUM-NATURA
2401 480 2467 522 v.
2515 463 2646 540 167.

812 609 892 671 Id
914 607 1067 672 licei
1092 595 1248 669 hiim
1268 603 1469 667 etiam
1496 621 1918 690 cognoscere:
1962 603 2234 666 caedere
2261 600 2320 664 si
2345 619 2546 682 quem

812 711 1103 794 Ancipiti
1130 709 1353 772 videas
1374 709 1551 785 ferro
1577 709 1813 790 procul
1845 705 2100 782 arboris
2128 714 2432 785 auctum,

812 818 980 878 Ante
1006 811 1079 875 fit
1098 821 1169 874 ut
1190 829 1416 876 cernas
1440 810 1678 892 ictum,
1705 829 1903 891 quam
1931 810 2132 894 plaga
2151 827 2274 891 per
2291 825 2485 870 auras
2558 799 2564 808 ’

813 919 939 981 Det
960 916 1283 992 sonitum:
1308 915 1405 992 sic
1432 916 1764 1002 fulgorem
1781 932 2047 994 quoque
2067 911 2401 974 cernimus
2419 921 2572 974 ante
2588 957 2608 993 ,

817 1024 1035 1107 Quam
1070 1021 1388 1083 tonitrum
1392 1020 1812 1102 accipimus,
1839 1018 2084 1102 pariter
2111 1016 2230 1098 qui
2248 1016 2530 1081 mittitur
2547 1015 2714 1128 igni

736 1181 746 1198 ,
812 1128 895 1188 Et
922 1123 1125 1187 simili
1148 1143 1374 1204 causa,
1402 1141 1723 1186 concursu
1753 1131 1942 1183 natus
1968 1124 2222 1186 eodem.

895 1230 1061 1290 Hoc
1068 1225 1266 1288 ctiam
1292 1233 1486 1306 pacto
1521 1223 1777 1287 volucri
1803 1225 1952 1286 loca
1975 1223 2226 1286 lumine
2261 1223 2550 1310 tingunt

816 1337 1069 1415 Nubes,
1087 1343 1155 1396 et
1176 1334 1462 1396 tremulo
1484 1335 1832 1415 tempestas
1855 1330 2100 1413 impete
2131 1331 2324 1420 fulgit
2339 1353 2360 1394 z

818 1443 1072 1506 Ventus
1098 1437 1218 1500 ubi
1246 1437 1485 1501 invasit
1507 1441 1753 1503 nubem
1770 1484 1789 1519 ,
1813 1445 1879 1500 et
1895 1445 2192 1501 vorsatus
2205 1437 2458 1502 ibidem
2485 1483 2488 1490 .

820 1541 1031 1622 Fecit,
1050 1551 1123 1602 ut
1142 1551 1321 1622 ante,
1352 1559 1616 1624 cavam,
1639 1540 1872 1623 docui,
1903 1523 2282 1624 spissescere
2297 1545 2584 1622 nubem3
2657 1591 2662 1596 .

800 1646 1189 1712 „Mobilitate
1216 1665 1335 1710 sua
1368 1645 1700 1728 fervescit,
1725 1655 1799 1708 ut
1827 1634 2054 1708 omnia
2081 1656 2266 1708 motu
2656 1656 2663 1667 ‘

824 1753 1259 1817 Percalefacta
1286 1753 1469 1817 vides
1504 1757 1879 1818 ardescere:
1916 1756 2228 1838 plumbea
2249 1772 2407 1818 vero

828 1863 1031 1925 Glans
1063 1859 1258 1924 etiam
1286 1864 1491 1946 longo
1524 1881 1716 1924 cursu
1749 1863 2084 1924 volvunda
2106 1862 2422 1962 liquescit.

734 2021 755 2041 x
830 1969 1007 2053 Ergo
1035 1965 1323 2030 fervidus
1346 1968 1487 2050 hic,
1515 1971 1762 2032 nubem
1779 1986 1986 2049 quom
2009 1945 2318 2050 perscidit
2343 1977 2581 2045 atram,

829 2068 1139 2151 Dissupat
1163 2069 1445 2150 ardoris,
1470 2069 1655 2162 quasi
1677 2089 1799 2152 per
1825 2069 1964 2132 vim
1997 2089 2328 2153 expressa,
2355 2077 2621 2152 repente
2725 2075 2730 2080 ’

830 2170 1125 2252 Semina,
1154 2193 1323 2252 quae
1350 2157 1604 2236 faciunt
1625 2172 1944 2236 nictantia
1965 2174 2232 2258 fulgura
2259 2177 2592 2237 flammae:
2611 2171 2746 2232 *182

832 2275 997 2336 Inde
1018 2295 1218 2340 sonus
1246 2276 1570 2357 sequitur,
1595 2277 1714 2358 qui
1741 2278 1989 2351 tardius
2015 2277 2224 2342 allicit
2248 2278 2494 2356 ειη-οἱς,

838 2378 1055 2462 Quam
1082 2397 1251 2458 quae
1274 2379 1672 2460 perveniunt
1699 2382 2043 2446 oculorum
2073 2385 2158 2444 ad
2177 2381 2418 2442 limina·
2441 2389 2682 2442 nostra.

838 2478 1101 2547 Scilicet
1130 2484 1258 2545 hoc
1282 2483 1499 2549 densis
1520 2483 1597 2547 fit
1627 2485 1938 2566 nubibus,
1965 2495 2028 2547 et
2053 2484 2252 2547 simul
2277 2486 2409 2547 alte

840 2588 1193 2653 Exstructis
1218 2588 1361 2653 aliis
1384 2588 1546 2654 alias
1571 2612 1770 2673 super
1794 2591 2033 2673 impete
2065 2589 2260 2655 miro.
2630 2638 2636 2645 -

926 2696 1061 2755 Nec
1086 2693 1206 2756 tibi
1234 2694 1319 2757 sit
1338 2695 1592 2779 fraudi,
1617 2686 1797 2777 quod
1817 2714 1944 2758 nos·
1957 2694 2214 2766 inferne
2233 2694 2532 2757 videmus
2593 2742 2600 2748 .
2734 2703 2742 2713 “

848 2798 1065 2882 Quam
1086 2796 1217 2860 sint
1240 2798 1375 2863 lata
1392 2800 1633 2885 magis,
1653 2818 1856 2880 quam
1875 2820 2130 2871 sursum
2153 2810 2472 2872 exstructa
2491 2799 2653 2879 quid

1793 2922 1798 2929 ·
1899 2910 2194 2965 exstenti·

852 3004 1347 3086 Contemplator
1380 3002 1555 3067 enim
1574 3050 1593 3085 ‚
1619 3023 1854 3087 quom,
1877 3008 2212 3071 montibus
2239 3008 2635 3091 adsimilata,

853 3107 1095 3169 Nubila
1120 3111 1473 3189 portabunt
1500 3108 1682 3170 venti
1716 3118 2086 3173 transversa
2110 3130 2230 3193 per
2256 3130 2481 3188 auras3
2511 3132 2518 3145 ⁸

856 3214 988 3275 Aut
1012 3213 1127 3288 ubi
1152 3235 1273 3296 per
1300 3234 1577 3301 magnos
1597 3216 1880 3279 monteis
1911 3220 2242 3279 cumulata
2265 3218 2525 3283 videbis

858 3322 1137 3403 Insuper
1166 3342 1301 3385 esse
1318 3321 1463 3385 aliis
1487 3320 1644 3403 alia,
1667 3333 1866 3404 atque
1893 3345 2126 3409 urgere
2155 3342 2442 3406 superna
2499 3363 2505 3373 ·-

860 3424 945 3485 In
974 3422 1249 3501 statione
1276 3426 1513 3505 locata,
1541 3427 1818 3508 sepultis
1847 3427 2142 3508 undique
2157 3426 2412 3492 ventis:

853 3524 1038 3593 Tum
1064 3534 1309 3616 poteris
1330 3554 1602 3621 magnas
1636 3536 1869 3599 moleis
1897 3554 2287 3623 cognoscere
2308 3534 2537 3599 eorum
2558 3578 2578 3615 ,

866 3638 1359 3722 speluncasque
1376 3643 1587 3724 velut,
1619 3642 1788 3705 saxis
1801 3640 2242 3725 pendentibu’
2259 3650 2558 3722 struetaS,

870 3745 1187 3821 Cernere·
1218 3768 1381 3827 quas
1406 3750 1602 3812 venti
1614 3770 1852 3849 quom,
1885 3758 2280 3830 tempestate
2287 3759 2540 3828 coorta,

874 3847 1331 3931 Co‘mplerunt,
1367 3872 1613 3947 magno
1637 3853 2068 3939 indignantur
2083 3872 2443 3917 murmure
2451 3848 2614 3916 clusi
