3117 5050
729 363 736 370 ·
802 444 883 506 70
1212 418 1346 483 DE
1400 416 1780 501 RERUM
1833 413 2262 479 NATURA
2384 436 2448 480 v.
2490 417 2628 483 880.

795 558 1014 627 Vortit
1030 604 1051 641 ,
1081 556 1311 645 etliinc
1330 564 1557 619 sensus
1581 554 1991 637 animantum
2021 566 2320 638 procreat
2339 559 2656 640 omneist,

795 665 946 727 Non
971 663 1098 725 alia
1131 664 1327 747 longe
1364 658 1655 740 ratione,
1682 669 1877 741 atque
1913 660 2102 723 arida
2143 659 2329 747 ligna
2370 656 2376 661 ’

795 764 1092 849 Explicat
1128 761 1200 825 in
1236 764 1564 849 flammas,
1590 772 1655 825 et
1673 761 1744 825 in
1772 762 1983 849 igneis
2014 761 2238 825 omnia
2261 775 2503 851 vorsat-

822 952 825 957 .
873 874 1099 936 Iamne
1131 868 1316 932 vides
1346 866 1582 957 igitur,
1625 860 1853 955 inagni
1882 867 2246 950 primordia
2278 890 2503 935 rerum

792 976 1061 1040 Referre
1088 972 1157 1035 in
1186 972 1367 1054 quali
1387 971 1518 1035 sint
1545 970 1780 1035 ordine
1809 992 2106 1054 quaeque
2136 975 2381 1055 locata,

790 1078 873 1141 Et
892 1074 1243 1141 commixta
1269 1074 1509 1155 quibus
1538 1075 1695 1137 dent
1718 1085 1963 1156 motus,
1988 1074 2486 1162 accipiantque?
2517 1097 2522 1098 ’
2559 1076 2564 1080 ’

872 1180 1045 1241 Tum
1066 1197 1300 1261 porro,
1330 1174 1494 1259 quid
1514 1177 1586 1240 id
1606 1187 1733 1261 est,
1763 1178 2062 1245 animum
2082 1182 2262 1263 quod
2282 1180 2564 1265 percutit

1840 1280 2060 1365 ipsum
2075 1328 2098 1366 ,

792 1386 992 1469 Quod
1004 1364 1237 1449 *movet
1253 1430 1272 1465 ,
1300 1388 1364 1445 et
1386 1379 1604 1445 varios
1629 1402 1855 1447 sensus
1881 1404 2268 1467 expromere
2289 1385 2501 1473 cogit,

793 1490 891 1553 Ex
921 1486 1340 1553 insensilibus
1372 1508 1457 1550 ne
1492 1488 1718 1551 credas
1737 1488 1972 1552 sensile
1999 1488 2238 1579 gigni?

793 1592 1120 1657 Nimirum
1142 1592 1425 1675 lapides,
1451 1600 1517 1653 et
1544 1590 1760 1677 ligna,
1787 1603 1849 1655 et
1877 1603 2085 1673 terra,
2111 1595 2292 1675 quod
2326 1611 2463 1657 una

793 1692 1032 1774 Mixta,
1059 1705 1278 1756 tamen
1307 1707 1645 1775 nequeunt
1666 1694 1931 1759 vitalem
1970 1698 2246 1759 reddere
2277 1714 2558 1760 sensum.

872 1798 1049 1865 Illud
1074 1795 1147 1857 in
1170 1794 1271 1857 his
1304 1792 1513 1883 igitur
1537 1795 1767 1858 foedus
1803 1794 2176 1861 meminisse
2211 1795 2500 1879 decebit,

790 1901 942 1963 Non
962 1922 1045 1963 ex
1070 1899 1379 1963 omnibus
1398 1900 1675 1963 omnino
1690 1946 1708 1981 ,
1750 1918 2179 1983 quaecunque
2202 1910 2426 1965 creant
2446 1920 2585 1984 res,

792 2003 1073 2087 Sensile,
1104 2012 1171 2067 et
1195 2006 1525 2087 extemplo
1558 2024 1668 2066 me
1695 2002 1885 2091 gigni
1917 2004 2132 2069 dicere
2167 2007 2427 2071 sensus:
2583 2008 2700 2089 89³

773 2106 924 2170 ·Sed
942 2106 1167 2193 magni
1189 2104 1458 2186 referre,
1495 2126 1572 2167 ea
1592 2106 1885 2189 primum
1907 2107 2227 2187 quantula
2255 2116 2577 2187 constent,

788 2208 1037 2273 sensile
1071 2229 1240 2291 quae
1260 2209 1539 2291 faciunt,
1572 2221 1636 2272 et
1661 2227 1792 2289 qua
1811 2207 1940 2271 sint
1961 2206 2257 2297 praedita
2282 2208 2525 2287 forma3

788 2311 1114 2396 Motibus,
1146 2312 1516 2393 ordinibus,
1548 2312 1861 2397 posituris
1877 2309 2195 2395 denique,
2225 2332 2394 2397 quae
2414 2313 2576 2376 sintz

792 2418 1091 2503 Quarum
1118 2416 1214 2479 nil
1239 2438 1463 2491 rerum
1486 2416 1558 2479 in
1593 2416 1821 2503 lignis,
1853 2415 2222 2503 glebisque,
2255 2417 2595 2482 videmus«

790 2525 871 2588 Et
895 2533 1117 2588 tamen
1142 2525 1340 2605 haec,
1367 2542 1572 2606 quom
1601 2532 1753 2588 sunt
1781 2520 1968 2606 quasi
1991 2506 2361 2606 putrefacta
2380 2543 2500 2608 pet

1848 2627 2116 2696 imbreis
2132 2676 2155 2715 ,
2393 2713 2397 2718 ·

790 2734 1205 2802 vermiculos
1234 2735 1541 2822 pariunt,
1571 2736 1729 2824 quia
1749 2757 2026 2821 corpora
2058 2736 2357 2802 materiai

790 2825 1098 2922 Antiquis'
1116 2862 1195 2907 ex
1226 2843 1572 2908 ordinibus
1593 2853 1894 2930 permota
1925 2862 2100 2910 nova
2125 2865 2229 2927 re,

690 3033 695 3039 Ι
793 2944 1245 3009 Conciliantur
1278 2946 1405 3029 ita,
1442 2957 1511 3010 ut
1538 2948 1780 3010 dehent
1805 2945 2117 3010 animalia
2137 2945 2342 3034 gigni.

870 3036 1158 3132 Deinde,
1178 3070 1281 3112 ex
1308 3047 1658 3113 sensilibus
1695 3067 1897 3130 quom
1925 3046 2159 3112 sensile
2187 3067 2377 3131 posse
2407 3047 2617 3112 creari
2679 3133 2686 3143 .

792 3151 1230 3236 constituunt,
1274 3175 1510 3238 pori-0,
1535 3175 1616 3218 ex
1636 3154 1780 3218 aliis
1803 3153 2047 3219 sentire
2077 3153 2275 3238 sueti,

789 3255 1021 3320 Mollia
1050 3266 1188 3318 tum
1216 3256 1495 3321 faciunt:
1532 3253 1687 3321 nam
1706 3256 1938 3322 sensus
1966 3257 2264 3344 iungitur
2287 3257 2503 3324 omnis

789 3352 1193 3437 Visceribus,
1229 3357 1475 3442 nervis,
1499 3360 1715 3440 venis,
1740 3378 2169 3443 quaecunque
2195 3360 2497 3423 videmus

790 3454 1022 3534 Mollia
1052 3463 1318 3534 mortali
1345 3463 1697 3528 consistere
1721 3484 1996 3547 corpore
2023 3474 2220 3528 creta·

872 3557 999 3619 Sed
1024 3567 1242 3628 tamen
1273 3574 1409 3628 esto
1438 3565 1574 3630 iam
1590 3613 1609 3648 ,
1635 3587 1822 3650 posse
1849 3567 2012 3630 haec
2039 3577 2304 3632 aeterna
2337 3587 2635 3647 manere3

791 3660 1045 3744 Nempe
1068 3675 1284 3734 tamen
1310 3672 1552 3736 dehent
1580 3681 1692 3735 aut
1721 3689 1982 3738 sensum
2014 3674 2215 3759 partis
2234 3675 2506 3757 habere,

792 3768 925 3830 Aut
943 3767 1181 3832 similia
1204 3773 1351 3840 totis
1376 3777 1773 3844 animalibus
1802 3799 1939 3847 esse
1963 3781 2203 3865 putaris
