3117 5050
844 489 1277 553 :LIBER
1354 492 1841 574 111..v.768.
2054 542 2061 553 .
2157 516 2306 579 ‘10⁴7

402 630 902 694 Mortalem.esse
920 629 1247 711 animam,
1286 630 1599 713 quoniam
1615 678 1636 713 ‚
1665 640 1917 695 mutata
1938 649 2060 717 per
2077 640 2256 699 artus

316 791 321 795 .
404 736 797 816 Tantopere‚
834 732 1071 797 amittit
1106 736 1307 799 vitam
1330 740 1726 819 sensumque
1747 740 2058 821 priorem.

486 842 927 925 Quovemodo
940 839 1207 922 poterit,
1230 840 1475 922 pariter
1488 862 1641 905 cum
1663 862 1936 927 corpore
1955 862 2222 927 quoque

404 941 801 1009 Confirmata
813 989 833 1025 ,
864 943 1163 1026 cupitum
1184 943 1411 1007 aetatis
1440 956 1716 1034 tangere
1731 948 2000 1007 florem·

404 1049 521 1116 vis
546 1049 785 1130 animi,
810 1048 937 1113 nisi
958 1048 1082 1115 erit
1108 1066 1377 1113 consors
1407 1050 1476 1112 in
1508 1050 1766 1136 origine
1795 1051 2013 1134 prima
2032 1054 2063 1115 ἰ)

286 1220 294 1232 ,
382 1156 667 1242 Quidve
686 1142 861 1219 foras
880 1154 1011 1219 sibi
1028 1156 1169 1217 volt
1188 1154 1499 1251 memhris
1524 1156 1704 1219 exire
1721 1157 2004 1221 senectis
2012 1160 2042 1218 ἰ’

404 1266 507 1326 An
528 1262 761 1325 metuit
788 1262 1095 1324 conclusa
1122 1280 1389 1323 manere
1411 1259 1486 1323 in
1522 1280 1798 1344 corpore
1830 1266 2056 1345 putri?

346 1368 375 1402 ⁸
404 1370 509 1429 An
522 1412 543 1447 ,
562 1369 797 1429 domus
820 1363 1051 1425 aetatis
1064 1361 1293 1443 spatio
1316 1384 1403 1425 ne
1427 1363 1592 1425 fessa
1623 1372 1878 1427 vetusto

316 1508 321 1515 ·
408 1472 703 1538 obruat?
735 1472 819 1533 At
836 1488 974 1532 non
992 1477 1147 1533 sunt
1170 1467 1305 1531 iam
1324 1467 1684 1533 immortali
1707 1469 1847 1529 ulla
1871 1469 2137 1551 pericla.

412 1590 423 1635 t
485 1574 789 1655 Denique
824 1572 1156 1637 connubia
1176 1575 1263 1637 ad
1290 1558 1596 1653 Veneris,
1617 1584 1974 1656 partusque
1988 1574 2310 1656 ferarum,

404 1681 559 1743 Esse
580 1660 833 1744 animas
858 1690 1151 1763 praesto,
1176 1680 1615 1747 deridiculum
1639 1665 1772 1742 esse
1795 1680 2092 1757 videtur}

407 1786 795 1866 Exspectare
816 1785 1245 1850 immol-taleis
1266 1786 1570 1849 mortalia
1597 1788 1892 1849 membra

407 1893 765 1957 Innumero
783 1914 1096 1975 numero,
1122 1904 1501 1977 certareque
1526 1903 2120 1977 praeproperanter

406 1994 591 2059 Inter
614 2016 683 2061 se
700 2043 720 2078 ,
744 2016 913 2077 quae
936 1998 1179 2081 prima,
1204 1997 1672 2080 potissimaque
1686 2044 1705 2077 ‚
1745 1997 2154 2091 insinuetur,

406 2096 479 2159 Si
506 2117 643 2160 non
666 2098 835 2161 forte
866 2098 961 2160 ita
988 2109 1141 2162 sunt
1158 2099 1542 2161 animarum
1565 2099 1832 2160 foedera
1862 2106 2078 2180 pacta,
2197 2096 2314 2177 282

392 2202 525 2282 Ut,
560 2221 729 2282 quae
748 2202 963 2285 prima
983 2206 1212 2267 volans
1240 2202 1622 2283 advenerit,
1641 2194 2022 2266 msinuetur

409 2308 658 2392 Prima,
690 2331 901 2393 neque
924 2311 1097 2374 inter
1118 2332 1187 2375 se
1214 2312 1616 2377 contendant
1631 2309 1882 2373 viribus
1903 2309 2139 2373 hilum.

489 2414 791 2495 Denique
808 2416 877 2479 in
896 2418 1159 2479 aethere
1172 2430 1307 2478 non
1329 2417 1558 2496 arbor,
1587 2432 1723 2477 non
1743 2432 2028 2495 aequore
2041 2414 2112 2476 in
2138 2415 2274 2477 alto

412 2520 629 2584 Nubes
648 2541 781 2585 esse
810 2532 1091 2603 queunt,
1126 2543 1246 2584 nec
1262 2521 1469 2604 pisces
1488 2518 1712 2608 vivere
1735 2518 1806 2581 in
1829 2520 2003 2582 arvis
2016 2566 2036 2602 ,

411 2623 549 2686 Nec
566 2643 761 2686 cruor
790 2625 864 2687 in
890 2623 1087 2712 lignis
1103 2670 1122 2705 ,
1156 2645 1279 2686 nec
1308 2623 1479 2688 saxis
1502 2643 1734 2686 succus
1762 2623 1993 2685 inesse.

412 2725 677 2794 Certum
690 2746 767 2790 ac
778 2727 1088 2808 dispositu
1096 2747 1161 2788 m
1182 2739 1295 2808 est,
1314 2727 1431 2790 ubi
1444 2725 1694 2806 quidqu
1699 2724 1767 2786 id
1787 2734 2030 2788 crescat
2047 2735 2120 2788 ‘et
2133 2723 2287 2788 insit
2303 2746 2320 2788 ε

414 2827 520 2892 Sic
540 2828 747 2891 animi
772 2839 1006 2890 natura
1033 2827 1262 2907 nequit
1278 2825 1425 2889 sine
1451 2843 1726 2908 corpore
1747 2823 1914 2887 oriri

414 2930 599 3010 Sola,
632 2951 847 3010 neque
872 2949 911 2990 a
930 2929 1149 2990 nervis
1174 2939 1237 2990 et
1260 2927 1580 3014 sanguine
1607 2925 1870 3013 longius
1895 2947 2050 2991 esse.

418 3033 627 3116 Quod·
646 3034 703 3094 si
729 3043 943 3116 posset
976 3033 1151 3095 enim
1173 3077 1193 3113 ‚
1220 3035 1431 3096 multo
1457 3033 1642 3116 prius
1665 3033 1806 3114 ipsa
1831 3031 2036 3094 animi
2058 3030 2160 3096 vis

415 3137 497 3196 In
528 3136 767 3218 capite,
794 3147 908 3199 aut
933 3136 1251 3216 humeris,
1273 3147 1387 3200 aut
1419 3136 1573 3200 imis
1597 3137 1916 3217 calcibus,
1943 3155 2084 3199 esse
2178 3205 2182 3210 ,

417 3243 667 3325 Posset,
692 3253 755 3306 et
774 3241 1027 3306 innasci
1046 3241 1275 3323 quavis
1294 3241 1366 3304 in
1385 3252 1572 3324 parte
1603 3243 1868 3322 soleret,
2175 3243 2182 3250 ’

420 3351 720 3435 Quamde
750 3351 1086 3418 in'eodem
1108 3351 1381 3414 homine
1400 3360 1598 3432 atque
1623 3349 1698 3412 in
1727 3352 1962 3412 eodem
1996 3367 2152 3412 vase

1026 3506 1030 3512 .
1478 3477 1768 3522 manere.

426 3561 623 3644 Quod
642 3561 959 3642 quoniam
986 3572 1211 3627 nostro
1230 3581 1497 3644 quoque
1512 3570 1760 3625 constat
1779 3577 2054 3642 corpore
2075 3565 2326 3621 certum

422 3669 956 3753 Dispositumque
976 3672 1262 3753 videtur,
1286 3671 1403 3734 uhi
1419 3689 1553 3732 esse
1579 3678 1644 3730 et
1665 3681 1950 3730 crescere
1970 3664 2170 3748 possit
2195 3735 2198 3738 ⁴

425 3775 727 3878 Seorsurn
762 3777 982 3844 anima
1013 3787 1211 3860 atque
1244 3778 1533 3840 animus:
1574 3784 1752 3838 tanto
1787 3772 1992 3861 magis
2019 3770 2175 3836 infi-
2261 3809 2266 3816 ·
2331 3787 2339 3801 ¹

1446 3921 1451 3928 -
1478 3879 1818 3960 ciantium,

2363 844 2378 877 ἢ

3017 254 3019 267 ,
2988 0 3019 195 ΔΒΕ-Διι-
