3117 5050
928 459 1822 526 LIBERLv.636.
2255 481 2328 530 οι

411 607 550 670 Nec
565 603 972 688 penetralem
986 600 1246 690 ignem3
1279 601 1524 683 quibus
1539 600 1769 669 omnia
1794 597 2259 680 conficiuntur,
2326 617 2334 624 ’

409 708 493 770 Et
518 726 654 789 quo
678 701 982 787 quaeque
997 706 1206 793 magis
1223 704 1496 768 cohibet
1527 726 1633 770 res
1660 704 1839 770 intus
1873 706 2105 789 inane,

411 812 578 875 Tam
601 811 809 900 magis
828 811 932 874 his
957 813 1152 876 rebus
1177 809 1439 893 penitus
1479 819 1725 876 tentata
1754 812 2045 876 labascit.

408 919 616 1004 Ergo,
651 919 708 985 si
733 919 946 984 solida
960 965 981 1003 ‚
1014 939 1092 984 ac
1123 919 1270 984 sine
1300 917 1520 999 inani,
1555 937 1839 1001 corpora
1866 919 2085 1001 prima

240 1095 247 1108 ,
295 1079 302 1084 .
413 1027 614 1108 Sunt,
639 1028 734 1092 ita
760 1015 860 1090 uti
883 1027 1084 1091 domi
1101 1071 1121 1107 ‚
1147 1027 1279 1090 sint
1296 1029 1461 1090 haec
1483 1035 1751 1088 aeterna
1767 1045 2027 1088 necesse
2052 1031 2167 1088 est.

487 1134 861 1213 Puncta-ea,
899 1130 1023 1195 nisi
1055 1129 1360 1194 materies
1393 1139 1659 1194 aeterna
1694 1127 1919 1194 fuisset
1934 1174 1955 1210 ,

403 1237 700 1301 Antehac
733 1239 818 1298 ad
840 1233 1127 1298 nihilum
1149 1233 1412 1316 penitus
1443 1253 1546 1296 res
1574 1251 1877 1312 quaeque
1910 1230 2263 1310 redissem5

403 1341 507 1402 De
521 1335 866 1418 nihiloque
891 1347 1120 1402 renata
1141 1337 1392 1417 forent,
1431 1356 1867 1417 quaecunque
1898 1335 2218 1402 videmus·

401 1446 489 1506 At
519 1443 838 1524 quoniam
857 1463 1058 1525 supra
1087 1443 1317 1526 docui,
1345 1441 1444 1504 nil
1472 1461 1663 1525 posse
1689 1440 1903 1506 creari

401 1546 504 1610 De
521 1543 770 1626 nihilo,
792 1567 1005 1627 neque
1019 1593 1039 1629 ,
1071 1550 1252 1628 quod
1265 1531 1581 1634 genitum·
1586 1555 1712 1626 est,
1736 1545 1823 1608 ad
1838 1543 1933 1608 nil
1960 1562 2309 1624 revoca-13

398 1653 556 1720 Esse
579 1649 940 1713 immortali
962 1649 1326 1734 primordia
1359 1669 1637 1734 corpore
1666 1643 1911 1722 debent
1928 1695 1951 1732 ‚

398 1754 684 1822 Dissolvi
715 1774 853 1836 quo
877 1776 1180 1839 quaeque
1210 1776 1520 1841 supremo
1553 1769 1851 1842 tempore
1884 1755 2139 1842 possint
2150 1801 2173 1840 ‚

395 1861 702 1926 Materies
736 1876 811 1928 ut
837 1863 1436 1947 suppeditetrebus
1474 1864 1884 1948 reparandis.

397 1969 566 2032 Sunt
595 1970 803 2056 igitur
823 1973 1036 2036 solida
1059 1970 1426 2054 primordia-
1451 1970 1903 2054 simplicitate,

396 2074 532 2137 Nec
563 2075 820 2138 ratione
849 2087 1102 2157 queunt
1143 2077 1272 2137 alia
1291 2121 1310 2157 ‚
1349 2087 1606 2140 servata
1634 2095 1754 2159 per
1786 2095 2023 2139 aevom
2040 2121 2061 2158 ,

391 2179 494 2242 Ex
527 2179 795 2255 infinito
831 2181 966 2244 iam
1003 2192 1299 2264 tempore
1335 2203 1438 2245 res
1464 2202 1794 2265 reparare.
2200 2181 2273 2246 55
2288 2204 2315 2243 ι

473 2284 781 2367 Denique
796 2333 816 2368 ,
850 2286 908 2350 si
941 2289 1196 2360 nullam
1220 2285 1420 2356 finem
1457 2299 1692 2350 natura
1724 2297 2014 2372 parasset

393 2389 807 2478 Frangundis
841 2393 1039 2456 rebus
1054 2439 1074 2475 ‚
1098 2391 1234 2456 iam
1269 2379 1546 2477 corpora
1580 2391 1881 2455 materiai

308 2494 312 2502 '
392 2493 614 2577 Usque
632 2498 898 2562 redacta
923 2499 1142 2569 forent
1159 2543 1180 2582 ,
1216 2519 1382 2564 aevo
1403 2500 1751 2586 frangente
1785 2499 2041 2583 priore,

390 2599 482 2661 Ut
503 2598 676 2661 nihil
703 2620 786 2663 ex
816 2598 952 2665 illis
976 2620 1018 2663 a
1037 2612 1218 2686 cetto
1248 2612 1546 2687 tempore
1570 2613 1821 2691 posset,

392 2710 801 2792 conceptum
820 2756 841 2793 ‚
865 2730 1200 2775 summum
1231 2711 1462 2775 aetatis
1485 2713 1853 2795 pervadere
1886 2712 2129 2790 finem3

389 2816 558 2877 Nam
581 2815 844 2896 quidvis
863 2814 1056 2878 citius
1081 2815 1350 2879 dissolvi
1376 2835 1571 2898 posse
1594 2818 1926 2901 videmus,

390 2922 610 3003 Quam
635 2942 860 2985 rursus
890 2921 1107 2986 reficit
1148 2935 1556 3007 quapropter
1577 2926 1779 3013 longa
1819 2907 1955 2990 diei

387 3023 658 3091 Infinita
690 3040 868 3094 aetas
891 3032 1175 3095 anteacti
1213 3032 1528 3115 temporis
1557 3035 1775 3097 omnis
1792 3079 1812 3116 ‚

388 3131 590 3216 Quod
612 3132 910 3219 fregisset
941 3137 1190 3218 adhuc,
1213 3135 1590 3199 disturbans
1622 3136 2145 3217 dissolvensque‚

387 3238 746 3317 Nunquam
767 3238 842 3301 id
863 3240 1121 3321 reliquo
1147 3238 1442 3322 reparari
1467 3250 1767 3322 tempore
1796 3250 2049 3323 posset.

384 3342 471 3403 At
501 3363 680 3407 nunc
709 3342 1034 3409 nimirum
1055 3345 1415 3433 frangundi
1444 3344 1705 3409 reddita
1728 3342 1883 3409 finis
2014 3348 2021 3353 '

388 3450 584 3510 Certa
603 3461 866 3533 manet,
887 3451 1208 3533 quoniam
1233 3450 1416 3517 refici
1441 3470 1587 3517 rem
1612 3468 1947 3535 quamque
1963 3445 2301 3533 videmus,

366 3550 466 3611 -Et
488 3547 677 3616 finita
691 3552 892 3617 simul
923 3548 1289 3641 generatim
1325 3567 1627 3639 tempora
1652 3555 1859 3619 rebus

381 3652 600 3736 Stare,
625 3656 868 3735 quibus
887 3658 1139 3740 possint
1161 3658 1310 3723 aevi
1343 3658 1728 3745 contingere
1752 3660 2002 3737 florem.

463 3766 616 3829 Huc
649 3767 934 3847 accedit,
967 3767 1068 3831 uti
1089 3768 1484 3833 solidissima
1511 3769 1817 3837 materiai

387 3874 684 3956 corpora
703 3894 906 3957 quom
925 3886 1258 3962 constant,
1284 3879 1537 3961 possint
1564 3888 1783 3961 tamen
1800 3879 2025 3945 omnia
2050 3875 2241 3943 reddi

2199 884 2220 918 Ι
