3117 5050
869 487 1016 560 DE
1062 488 1151 560 T.
1205 467 1831 564 menti-rm.
2004 553 2026 568 ,
2156 515 2321 573 xxv

645 642 1044 735 ssterpolatos
1057 668 1192 714 esse
1207 695 1227 726 ‚
1252 652 1528 734 queritur
1545 649 1823 716 Broukh.
1852 651 1930 716 ad
1949 649 2225 739 Propert.
2241 655 2323 721 11.

643 751 706 810 7.
736 736 836 813 76.
868 733 1004 816 lpse
1035 732 1110 795 de
1147 733 1258 796 hac
1281 753 1392 797 sua
1415 729 1685 816 editione
1712 733 2071 818 profitetur,
2100 756 2167 800 se
2192 739 2327 802 nul·

639 813 770 877 ium
792 814 1097 898 exemplar
1115 817 1432 898 antiquum
1449 815 1795 880 adhibuisse
1814 818 2289 902 manuscriptum
2304 842 2327 897 ;

643 897 752 960 sed
781 896 1256 959 conformavisse
1293 913 1526 960 textum
1562 917 1639 961 ex
1666 899 2045 975 Veronensi;
2066 899 2327 982 paralle-

645 976 718 1040 lis
743 978 999 1041 aliorum
1019 978 1388 1061 scriptorum
1412 979 1606 1059 locis,
1636 998 1777 1042 cum
1809 980 2159 1043 Aristotelis
2184 999 2329 1065 ope·

644 1059 810 1123 ribus
822 1105 848 1158 ⁹.
866 1059 1117 1144 aliisque
1143 1059 1380 1144 scriptis
1399 1075 1680 1124 veterum
1696 1107 1715 1138 ,
1750 1061 1814 1122 in
1832 1061 2167 1126 subsidium
2185 1079 2329 1124 con-

643 1156 904 1204 vocans.
1688 1169 1701 1180 ·

403 1221 986 1285 n———LucretiuS-
1025 1222 1287 1296 Veneriis,
1311 1242 1404 1301 per
1430 1224 1753 1285 Theodorum
1780 1227 1842 1285 de
1870 1224 2251 1308 Ragazonibus
2265 1226 2326 1286 de

410 1719 566 1790 ¹504

409 1963 558 2030 ¹5¹¹

647 1305 850 1366 Asula.
885 1302 990 1364 fol.
1018 1335 1086 1352 —
1112 1303 1338 1365 Panzer
1351 1301 1534 1366 Tom.
1556 1303 1667 1366 ΙΙΙ.
1690 1321 1823 1388 pag.
1846 1323 1985 1379 472.

656 1381 782 1444 ‘nti
808 1383 1076 1446 Lucretii
1106 1383 1249 1446 Cari
1277 1384 1352 1446 de
1381 1403 1585 1446 rerum
1616 1402 1836 1446 natura
1863 1383 1998 1446 libri
2015 1404 2152 1449 sex.
2190 1407 2241 1452 s.
2268 1407 2329 1452 a.

649 1463 690 1524 l.
729 1481 792 1525 et
833 1481 906 1544 ty
947 1483 1080 1548 ogr.
1121 1463 1230 1526 fol.
1263 1496 1350 1516 -
1385 1463 1617 1527 Panzer
1646 1464 1830 1527 Tom.
1872 1463 1981 1528 lv.
2018 1485 2095 1528 ex
2131 1466 2327 1531 Denis

647 1544 854 1627 Suppl.
883 1486 1069 1608 gons.
1107 1535 1446 1629 Caialogue
1483 1548 1593 1608 des
1618 1546 1803 1610 livres
1831 1546 2137 1629 imprimes
2162 1548 2240 1609 de
2267 1549 2329 1610 la

643 1624 1058 1708 bibliotheque
1083 1627 1170 1688 du
1188 1627 1328 1691 Ro‘r.
1359 1629 1565 1721 Pqe'tes.
1604 1645 1663 1688 n.
1702 1647 1844 1709 733.

644 1708 826 1789 Raph.
853 1708 1086 1782 Franci,
1115 1708 1449 1770 Florentim
1467 1755 1486 1783 ‚
1519 1710 1584 1770 in
1616 1708 1965 1772 Lucretium
1996 1708 2143 1772 Para
2185 1709 2328 1772 hra-
2440 1784 2445 1788 ᾗ

647 1787 764 1863 sis,
796 1807 858 1852 et
885 1789 1202 1872 Appendix
1237 1789 1315 1852 de
1329 1791 1583 1887 ’animae
1620 1790 2093 1854 immortalitate.
2191 1814 2327 1856 ono-

645 1870 1591 2016 gel-apteifgcusstlipcssmssuzzgm
1622 1967 1836 2014 natura
1867 1952 2002 2016 libri
2018 1971 2155 2027 sex,
2181 1972 2325 2017 cum

640 2032 1090 2097 commentariis
1123 2035 1204 2095 Io.
1233 2033 1516 2116 Baptistae
1550 2034 1662 2094 Pii.
1697 2034 1973 2094 Bononiae
1986 2080 2009 2106 ,
2044 2037 2191 2115 typis
2225 2057 2327 2095 ex-

645 2116 892 2175 cussoriis
925 2116 1116 2174 editum
1149 2115 1205 2175 in
1247 2115 1548 2195 Ergasteria
1586 2114 1904 2194 Hieronymi
1947 2115 2227 2194 Baptistae
2262 2119 2325 2175 de

642 2195 942 2256 Benedictis
971 2196 1241 2263 Platonici
1258 2195 1615 2258 Bononiensis
1635 2196 1804 2256 Anno
1828 2197 2038 2256 MDX
2037 2197 2085 2257 1.
2120 2194 2225 2258 fol.
2241 2228 2327 2246 —

640 2272 872 2338 Panzer
908 2274 1094 2338 Tom.
1135 2277 1246 2338 vl.
1281 2293 1418 2360 pag.
1457 2275 1593 2356 326.
1644 2274 1851 2358 Opes,
1891 2295 2049 2359 quae
2094 2276 2209 2340 sibi
2249 2276 2326 2337 ad

643 2357 1086 2420 emendandum
1117 2357 1384 2422 Lucretii
1414 2375 1661 2419 carmen
1695 2373 2148 2440 competerent,
2185 2357 2325 2420 Pius

643 2438 898 2519 ipsemet
941 2439 1028 2502 sic
1151 2441 1451 2502 reensuitz
1504 2435 1949 2502 „Contulimus
1970 2484 1989 2512 ,
2026 2456 2153 2501 non
2192 2439 2325 2501 sine

639 2521 944 2585 aerumnis
959 2521 1066 2604 vig
1107 2521 1142 2537 ⁶·
1263 2520 1583 2596 ediutinis,
1608 2519 1903 2584 Codicem
1926 2518 2151 2585 Veneti
2166 2521 2323 2585 Her·
2428 2554 2438 2572 ι

637 2603 826 2664 molai
839 2649 859 2677 ‚
881 2618 948 2665 et
961 2602 1276 2687 Pomponii
1293 2602 1593 2677 Romani3
1621 2601 2037 2681 Codicemque
2050 2620 2178 2664 non
2189 2622 2323 2663 om·

639 2684 792 2745 nino
817 2684 1066 2760 malum,
1097 2686 1204 2764 qui
1235 2700 1514 2747 servatur
1549 2683 1837 2745 Mantuae
1858 2684 1924 2744 in
1953 2672 2322 2746 bibhotheca

637 2762 2323 2928 32225331ztz¹322b3321123ssff3<2³35531203‘2523552:

637 2927 832 2988 roaldi
855 2972 874 3002 ,
922 2927 1334 3009 praeceptoris
1377 2925 1688 3010 quondam
1724 2927 1845 2991 mei
1863 2972 1883 3001 ‚
1926 2944 2093 2991 nunc.
2125 2924 2321 2987 colle-

637 3004 844 3087 legzoe,
875 3010 1201 3089 impressus
1223 3008 1467 3089 quidem
1488 3052 1508 3083 ,
1529 3008 1637 3071 sed
1661 3023 1867 3073 tamen
1893 3022 2191 3088 perpense
2212 3020 2321 3066 ex-

640 3088 980 3149 aminatus:
1015 3088 1206 3151 Codri
1235 3106 1520 3171 quoque,
1555 3088 1933 3170 grammatici
1960 3085 2321 3148 Bononien-

639 3166 760 3241 sis3
799 3169 975 3230 cuius
997 3170 1176 3251 copia
1207 3169 1352 3231 mihi
1373 3188 1482 3251 per
1515 3169 2013 3231 Bartholomeum
2034 3165 2319 3228 Blanchi-

637 3262 788 3309 num
810 3294 829 3324 ‚
865 3249 1066 3309 virum
1095 3249 1324 3329 eloquii
1353 3248 1779 3321 excultis-simi,
1820 3245 1979 3309 facta
2014 3265 2133 3310 est:
2174 3247 2320 3310 Ma·

639 3327 904 3411 rullique
925 3332 1152 3411 poetae
1169 3330 1460 3393 industria
1475 3330 1628 3391 mira
1647 3330 2002 3413 castigatum
2019 3374 2038 3404 ‚
2058 3346 2185 3391 non
2207 3328 2316 3392 de-

638 3408 760 3471 fuit
779 3409 1084 3494 exemplar
1098 3456 1119 3487 ‚
1143 3409 1376 3473 Severo
1393 3458 1414 3486 ,
1435 3411 1709 3473 Monaco
1731 3410 2074 3473 Placentino
2087 3457 2108 3487 ,
2134 3430 2315 3493 grae-

639 3508 718 3551 oe
737 3490 842 3554 lati
967 3511 1042 3555 ue
1057 3493 1356 3575 perdocto
1369 3538 1388 3567 ‚
1421 3495 1732 3557 Musarum
1748 3491 1975 3556 athleta
1990 3537 2009 3567 ‚
2030 3510 2155 3555 non
2173 3512 2315 3575 gra-

641 3573 834 3635 vatim
954 3590 1182 3635 erente.
1205 3572 1290 3636 Ex
1361 3574 1534 3638 uibus
1548 3619 1569 3648 ,
1591 3574 1767 3637 sicuti
1783 3574 2001 3636 Zeuxis
2016 3618 2035 3648 ,
2060 3594 2138 3636 ex
2160 3594 2313 3657 qua-

637 3666 787 3715 tuor
807 3654 1056 3717 diversis
1095 3674 1288 3797 corpo
1321 3658 1333 3669 '
1379 3676 1486 3730 us,
1527 3672 1708 3719 unam
1730 3701 1750 3730 ‚
1782 3670 1881 3731 et,
1916 3670 1985 3721 ut
2018 3656 2310 3731 arbitror,

636 3736 928 3819 integerri
1031 3756 1088 3797 m
1111 3783 1130 3812 ‚
1211 3756 1251 3799 o
1343 3758 1440 3799 am
1487 3738 1778 3800 Lucretio
1818 3738 2245 3820 praestitimus.
2272 3762 2313 3796 ιι

638 3814 951 3881 Hactenus
1023 3820 1137 3881 ius.
1166 3819 1269 3880 Est
1299 3836 1470 3882 certe
1495 3820 1763 3915 optimae
1786 3819 1977 3903 frugis
2004 3820 2149 3882 haec
2179 3819 2313 3881 edi-

638 3900 732 3961 rio
750 3945 770 3974 ‚
797 3914 956 3961 teste
981 3900 1375 3965 Wakefieldo
1389 3949 1407 3977 ‚
1446 3921 1553 3984 qm
1578 3920 1713 3963 eam
1750 3902 2068 3985 diligenter
2082 3918 2309 3966 contu-

626 3976 737 4043 lit:
767 3998 979 4067 neque
997 3996 1202 4045 tamen
1221 3983 1530 4049 addubitat
1552 3984 1711 4049 idem
1740 3984 1844 4048 vir-
1858 3985 2079 4050 doctus
2096 4028 2118 4061 ,
2150 3984 2309 4048 alio-
