3117 5050
916 445 1031 508 16⁶
1326 441 1463 504 nn
1517 397 1894 502 nanum
1953 431 2393 496 NATURA
2507 451 2740 518 ·v.90.

906 584 1089 672 Quid
1104 590 1420 666 nequeat3
1446 578 1634 644 finita
1657 586 1938 662 potestas
1965 573 2252 657 denique
2275 571 2570 656 quoique

908 678 1212 776 Quanam
1234 687 1316 752 sit
1345 686 1632 764 ratione,
1666 693 1862 764 atque
1894 684 2024 746 alte
2057 679 2374 746 terminus
2402 682 2702 746 haerens.

986 793 1183 876 Quod
1206 798 1534 873 superest,
1558 809 1648 852 ne
1671 796 1736 851 te
1761 787 1834 850 in
1863 787 2201 871 promissis
2224 787 2421 871 plura
2441 805 2824 870 moremur,

902 891 1243 980 Principio
1266 895 1475 960 maria
1496 913 1576 958 ae
1603 903 1808 958 terras
1837 894 2230 976 coelumque
2251 903 2463 957 tuere:

898 1005 1157 1068 Horum
1186 1009 1489 1062 naturam
1516 997 1880 1082 triplicem,
1907 998 2031 1061 tria
2065 1017 2379 1082 corpora,
2410 994 2715 1077 Memmi,

896 1102 1083 1167 Treis
1104 1101 1354 1186 species
1380 1105 1509 1162 tam
1540 1097 1946 1181 dissimihis,
1965 1099 2091 1163 tria
2116 1101 2275 1164 talia
2298 1109 2503 1182 texta,

895 1203 1053 1266 Una
1069 1197 1209 1266 dies
1232 1202 1414 1265 dabit
1438 1199 1669 1266 exitio:
1699 1203 2074 1286 multosque
2095 1221 2217 1287 per
2239 1219 2450 1268 annos

895 1309 1293 1390 Sustentata,
1324 1316 1473 1374 ruet
1498 1307 1708 1370 moles
1739 1318 1806 1370 et
1837 1310 2148 1373 machina
2173 1309 2429 1375 mundi.

974 1413 1109 1476 Nec
1128 1435 1235 1478 me
1249 1410 1457 1477 animi
1478 1411 1652 1476 fallit
1666 1433 1906 1496 ‚quam
1929 1437 2032 1479 res
2059 1437 2232 1480 nova
2249 1419 2548 1501 miraque
2567 1413 2772 1482 menti
2820 1433 2826 1438 ·

890 1517 1193 1603 Aecidat,
1229 1519 1501 1584 exitium
1522 1518 1692 1584 ooeli
1716 1529 2059 1602 terraeque
2087 1523 2418 1588 futurum·
2399 1567 2420 1601 ‚

893 1627 977 1688 Et
997 1645 1195 1708 quam
1224 1623 1489 1690 difficile
1512 1626 1585 1689 id
1607 1626 1775 1690 mihi
1800 1627 2296 1710 sit‘pervineere
2326 1628 2556 1691 dietis:

892 1731 979 1792 Ut
998 1728 1105 1809 fit,
1128 1729 1248 1792 uhi
1268 1728 1601 1796 insolitam
1625 1749 1767 1793 rem
1789 1731 2094 1814 adportes
2125 1729 2392 1793 auribus
2415 1740 2598 1811 ante,

782 1853 799 1870 ·
888 1835 1027 1898 Nec
1054 1844 1274 1898 tamen
1292 1837 1464 1898 hano
1481 1834 1690 1917 possis
1713 1835 2060 1909 oculorum
2079 1833 2357 1896 subdere
2378 1831 2524 1896 visu
2541 1878 2563 1916 ,

889 1941 1027 2022 Neo
1042 1939 1259 2004 iacere
1276 1939 1439 2004 indu
1462 1959 1730 2021 manusc,
1753 1939 1863 2002 via
1884 1959 2018 2020 qua
2039 1939 2295 2004 munita
2315 1937 2470 2002 fidei
2571 1973 2574 1976 ⁴

885 2043 1221 2106 Proxuma
1239 2043 1366 2106 fert
1391 2045 1756 2106 humanum
1777 2042 1852 2106 in
1870 2052 2120 2126 peetus,
2139 2041 2509 2126 templaque
2537 2039 2798 2104 mentis.

887 2145 1019 2208 sed
1040 2155 1259 2210 tamen
1282 2142 1566 2211 effabor:
1595 2145 1787 2212 dictis
1805 2146 1986 2210 dabit
2012 2146 2156 2228 ipsa
2179 2143 2381 2210 fidem
2398 2164 2504 2209 res
2561 2173 2567 2182 ·
2681 2143 2793 2207 105

885 2245 1221 2329 Forsitan,
1246 2259 1312 2312 et
1333 2249 1625 2336 graviter
1653 2261 2011 2329 terrarum,
2046 2249 2332 2313 motibus
2363 2247 2556 2330 ortis,
2622 2309 2630 2317 ,

890 2352 1139 2418 Omnia
1164 2343 1586 2438 conquassari
1609 2357 1680 2418 in
1701 2377 1910 2440 parvo
1939 2367 2235 2441 tempore
2261 2373 2516 2418 eernes=

889 2459 1089 2545 Quod
1114 2463 1350 2545 procul
1378 2480 1418 2525 a
1439 2456 1636 2547 nobis
1661 2463 1875 2527 flectat
1904 2464 2191 2525 Fortuna
2219 2462 2630 2548 guber-naun
2675 2483 2680 2488 ·

881 2564 967 2629 Et
982 2565 1152 2629 ratio
1176 2568 1426 2651 potius,
1450 2588 1654 2649 quam
1681 2588 1785 2631 res
1803 2566 2192 2651 persuadeat
2216 2566 2358 2651 ipsa
2374 2612 2397 2647 ,

780 2704 782 2707 ⁴
878 2670 1228 2739 succidere
1244 2672 1596 2737 horrisono
1621 2690 1810 2757 posse
1833 2669 2054 2734 omnia
2083 2668 2255 2733 vieta
2283 2668 2566 2755 fragore.

960 2777 1111 2861 Qua
1130 2774 1313 2859 prius
1332 2773 1680 2867 aggrediar
1705 2794 1906 2857 quam
1941 2775 2024 2837 de
2059 2774 2130 2837 r‘e
2159 2774 2434 2863 fundere
2463 2772 2595 2833 fata

774 2920 788 2928 κ
874 2878 1206 2963 Sanctius,
1230 2888 1296 2944 et
1314 2882 1524 2945 multo
1547 2890 1725 2944 certa
1745 2878 2002 2944 ratione
2027 2878 2264 2966 magis,
2293 2896 2496 2959 quam

874 2983 1146 3067 Pythia,
1174 3004 1343 3067 quae
1364 2984 1624 3069 tripode
1655 3005 1692 3049 e
1721 2985 2003 3067 Phoebi,
2025 2986 2374 3065 lauroque,
2399 2980 2733 3065 profatum

872 3086 1086 3152 Multa
1112 3086 1233 3153 tihi
1260 3087 1608 3171 expediam
1637 3088 1845 3153 doctis
1865 3090 2099 3154 solatia
2127 3085 2354 3167 dietis3

868 3192 1217 3281 Religione
1246 3194 1652 3261 refraenatus
1679 3214 1768 3259 ne
1791 3194 1960 3261 forte
1991 3194 2226 3277 rearis,

867 3294 1137 3379 Terras,
1162 3306 1227 3361 et
1244 3297 1766 3380 solummodum
1777 3344 1798 3380 ,
1829 3318 2014 3363 mare
2027 3344 2048 3380 ‚
2070 3297 2316 3379 sidera,
2345 3299 2574 3361 lunam
2592 3340 2616 3375 ,
2639 3317 2644 3323 ·

870 3398 1163 3483 Corpore
1189 3400 1419 3481 divino
1431 3448 1453 3485 ,
1478 3404 1718 3467 debere
1743 3413 2010 3467 aeterna
2031 3420 2290 3478 meare3

2748 3170 2760 3223 ,¹

754 3497 767 3519 ¹
866 3496 1347 3589 Propter-eaque
1366 3516 1556 3591 putes
1580 3507 1710 3571 ritu
1733 3526 1856 3591 par
1875 3518 2022 3571 esse·
2037 3505 2397 3591 Gigantum
2410 3550 2435 3588 ,

866 3608 1163 3675 Pendere
1191 3631 1301 3675 eos
1326 3630 1576 3699 poenas
1601 3610 1881 3677 immani
1901 3630 2028 3697 pro
2055 3610 2302 3677 scelere
2329 3608 2610 3693 omneis,

866 3712 1003 3799 Qui
1027 3712 1279 3797 ratione¹
1302 3737 1420 3780 sua
1446 3716 1820 3785 disturbent
1841 3719 2112 3783 moenia
2134 3717 2370 3783 mundi
2385 3763 2406 3798 ‚

866 3814 1413 3897 Praeclarumque
1430 3820 1642 3891 velint
1659 3820 1836 3924 coeli,
1847 3821 2252 3909 restinguere
2275 3821 2521 3899 solem,
