3117 5050
124 1109 300 1161 ῢῖΰ

133 1301 190 1360 8·

816 491 962 566 DE
1006 491 1094 568 T.
1147 484 1808 564 LUCRETIO.
2054 488 2103 574 '2
2142 509 2289 568 xx}

356 647 581 748 sophos
619 651 989 720 innumeros
1027 672 1060 719 e
1103 648 1326 718 lustris
1373 646 1645 744 locisque
1695 645 1958 718 desertis
1990 645 2287 716 credibile
2308 651 2328 713 f

361 776 463 830 est
489 759 859 832 iamdudum
889 755 1300 851 confluxuros
1307 753 1572 854 fuisse,
1606 756 1665 823 si
1689 751 1875 826 Deus
1906 776 1982 822 ac
2015 751 2284 823 Natura

361 867 563 940 brutis
623 870 1008 940 animalibus
1062 869 1353 964 loquendi
1404 863 1840 960 scribendique
1881 861 2285 960 facultatem

357 983 824 1052 concessissent.
913 981 1068 1078 Ipsa
1117 981 1284 1050 enim.
1315 978 1530 1076 facile
1570 977 1935 1075 potuissent
1988 976 2285 1074 prolixas

361 1112 727 1159 crassarum
779 1089 1318 1182 imaginationum
1367 1088 1933 1158 concatenationes
1970 1085 2102 1158 sive
2141 1109 2287 1154 car-

359 1202 531 1270 mine
561 1202 692 1270 sive
731 1200 947 1272 soluta
975 1201 1299 1272 oratione.
1344 1213 1569 1268 ornate
1603 1213 1665 1266 et
1706 1199 1944 1296 copiose
1980 1195 2284 1267 deducere

361 1331 430 1384 et
452 1337 774 1383 enarrare.
805 1309 952 1380 Hoc
970 1334 1115 1381 vero
1129 1311 1385 1407 proprie
1395 1307 1843 1406 philosophari
1861 1333 1986 1380 non
2018 1323 2148 1382 est.
2174 1305 2289 1378 sed

362 1421 733 1492 materialia
765 1408 1190 1512 αἷσθῆματοι
1219 1409 1334 1491 κα.)
1369 1410 1847 1512 φαντάσματα
1874 1419 2057 1488 inani
2092 1442 2284 1515 opera

363 1554 708 1604 recensere.
760 1528 957 1601 Haec
1010 1527 1355 1624 Henricus
1408 1528 1701 1618 Morus,
1754 1527 2171 1624 Theologus
2215 1541 2287 1596 et

366 1637 847 1732 Philosophus
893 1639 1219 1736 AngluS‚
1276 1637 1350 1710 in
1387 1637 1905 1712 Confutatione
1932 1635 2288 1710 Cabbalae

367 1745 1575 1857 Aetopaedomelissaeae,Tom.1.
1631 1749 1832 1845 Opp.
1868 1748 2285 1844 philosoph.

368 1882 525 1955 pag.
557 1876 716 1946 5⁴27.

466 1967 1001 2044 Invocationem
1042 1967 1372 2054 Veneris,
1430 1968 1506 2038 in
1557 1967 1811 2038 limine
1853 1965 2017 2036 libri
2072 1965 2289 2060 primi

371 2071 724 2163 Lucretii,
759 2075 1091 2169 exposuit
1117 2075 1398 2151 Gallicis
1419 2074 1737 2145 versibus
1761 2073 2089 2167 pluribus
2109 2072 2292 2144 Poe·

371 2183 504 2258 tria
549 2182 1096 2282 ingeniosissima
1135 2176 1624 2255 Deshoulieria
1666 2181 1876 2253 Tom.
1904 2181 1990 2253 11.
2040 2181 2287 2253 carmi·
2310 2237 2327 2244 -

371 2319 554 2372 num
577 2345 602 2382 ‚
629 2281 988 2366 editorum
1017 2293 1285 2366 Gallice
1312 2291 1620 2367 Bruxell.
1652 2293 1861 2377 1708.
1908 2293 1969 2366 8.
1996 2315 2153 2390 pag.
2180 2291 2290 2362 80.

372 2407 700 2479 imitation
739 2403 816 2478 de
837 2405 1165 2497 Luci-ece..
1215 2433 1289 2479 en
1311 2407 1699 2502 galimatias
1703 2405 1857 2506 fait
1884 2403 2125 2504 expris.
2175 2403 2291 2474 De

373 2513 828 2588 invocatione
855 2516 972 2589 illa
995 2516 1350 2591 videndus
1378 2521 1591 2594 etiarn
1618 2519 1865 2592 Petrus
1888 2517 2247 2592 Victorius
2265 2567 2290 2604 ,
2316 2576 2319 2579 .

373 2625 687 2721 Epistola
712 2628 804 2698 ad
834 2630 1179 2703 I'oannem
1219 2626 1482 2707 Caeam.
1517 2631 1617 2701 Io.
1658 2630 1937 2701 Clerico
1966 2630 2136 2700 viro·
2163 2626 2294 2698 do·

379 2735 686 2809 ctissimo
709 2736 925 2812 Tom.
959 2737 1234 2811 XXVI.
1264 2738 1444 2809 Bibl.
1473 2740 1772 2811 selectae
1796 2764 1947 2839 pag.
1996 2760 2151 2828 154.
2190 2760 2297 2807 re·
2345 2728 2355 2741 ⁸
2410 2732 2421 2751 “

381 2844 560 2914 ctius
592 2844 900 2917 facturus
941 2845 1148 2919 fuisse
1180 2846 1469 2918 videtur
1516 2846 1925 2935 Lucretius,
1976 2848 2029 2915 si
2057 2843 2298 2915 Ratio-

381 2974 551 3021 nem
578 2954 724 3024 sive
745 2952 1074 3028 Mentem
1099 2969 1446 3044 tanquam
1469 2952 1716 3027 Deum
1742 2953 1820 3031 in
1843 2950 2095 3022 limine
2127 2958 2300 3041 poe-

383 3058 896 3153 matis'potius,
923 3088 1146 3155 quam
1190 3064 1548 3139 Venerem
1571 3117 1594 3153 ,
1638 3065 2101 3185 implorasset.
2154 3054 2298 3129 Sed

382 3164 794 3255 Lucretiae,
823 3170 1136 3243 sensibus
1173 3173 1338 3264 plus
1383 3197 1603 3265 quam
1633 3170 1887 3241 rationi
1935 3166 2298 3253 tribuen3‚

387 3292 461 3349 et
511 3278 1044 3382 generationem
1083 3304 1324 3354 rerum
1365 3281 1661 3378 cupiens
1692 3302 2089 3372 exponere,
2134 3278 2300 3349 nul-

386 3390 542 3459 lum
581 3390 797 3487 tnagis
834 3390 1213 3485 physicum
1255 3414 1530 3462 numen
1552 3442 1576 3479 ‚
1636 3414 1857 3483 quam
1892 3388 2251 3462 Venerem
2273 3437 2299 3475 ,

330 3559 348 3578 ,
385 3501 738 3593 appellare
764 3525 836 3571 se
867 3525 1069 3594 posse
1101 3499 1542 3573 existimavit.
1573 3500 1656 3570 In
1692 3499 2103 3571 Lucretium
2142 3495 2301 3592 scri-

389 3624 625 3701 pserat
652 3608 824 3678 olim
862 3608 1070 3682 Velius
1091 3612 1382 3705 Longus,
1411 3611 1615 3682 cuius
1648 3606 2169 3692 commentarii,
2200 3604 2303 3674 ci-

389 3720 518 3790 tati
545 3744 583 3788 a
614 3718 923 3791 Charisio
948 3744 1111 3821 pag
1145 3720 1303 3843 ι8ζ.
1331 3722 1504 3794 edit.
1528 3718 1848 3795 Putscht
1824 3744 1972 3797 lam
2010 3713 2299 3814 pridem

390 3829 828 3905 intercidere.
