<?xml version="1.0" encoding="UTF-8"?>
<!DOCTYPE html PUBLIC "-//W3C//DTD XHTML 1.0 Transitional//EN"
    "http://www.w3.org/TR/xhtml1/DTD/xhtml1-transitional.dtd">
<html xmlns="http://www.w3.org/1999/xhtml" xml:lang="en" lang="en">
 <head>
  <title>
</title>
<meta http-equiv="Content-Type" content="text/html;charset=utf-8" />
  <meta name='ocr-system' content='tesseract 3.04.00' />
  <meta name='ocr-capabilities' content='ocr_page ocr_carea ocr_par ocr_line ocrx_word'/>
</head>
<body>
  <div class='ocr_page' id='page_1' title='image "./tlucretiicaride00unkngoog_0029.png"; bbox 0 0 3117 5050; ppageno 0'>
   <div class='ocr_carea' id='block_1_1' title="bbox 757 433 2369 512">
    <p class='ocr_par' dir='ltr' id='par_1_1' title="bbox 757 433 2369 512">
     <span class='ocr_line' id='line_1_1' title="bbox 757 433 2369 512; baseline 0 -4"><span class='ocrx_word' id='word_1_1' title='bbox 757 454 1028 512; x_wconf 77' lang='lat' dir='ltr'>xxvm</span> <span class='ocrx_word' id='word_1_2' title='bbox 1160 433 1668 509; x_wconf 90' lang='lat' dir='ltr'><strong>NOTITIA</strong></span> <span class='ocrx_word' id='word_1_3' title='bbox 1732 434 2369 509; x_wconf 84' lang='lat' dir='ltr'><strong>LITERARIA</strong></span> 
     </span>
    </p>
   </div>
   <div class='ocr_carea' id='block_1_2' title="bbox 765 1477 916 1563">
    <p class='ocr_par' dir='ltr' id='par_1_2' title="bbox 765 1477 916 1563">
     <span class='ocr_line' id='line_1_2' title="bbox 765 1477 916 1563; baseline -0.007 0"><span class='ocrx_word' id='word_1_4' title='bbox 765 1477 916 1563; x_wconf 82' lang='lat'>¹565</span> 
     </span>
    </p>
   </div>
   <div class='ocr_carea' id='block_1_3' title="bbox 764 1737 1010 1860">
    <p class='ocr_par' dir='ltr' id='par_1_3' title="bbox 764 1737 1010 1860">
     <span class='ocr_line' id='line_1_3' title="bbox 887 1737 905 1754; baseline 0 0"><span class='ocrx_word' id='word_1_5' title='bbox 887 1737 905 1754; x_wconf 54' lang='lat' dir='ltr'>S</span> 
     </span>
     <span class='ocr_line' id='line_1_4' title="bbox 764 1839 1010 1860; baseline -0.012 0"><span class='ocrx_word' id='word_1_6' title='bbox 764 1839 1010 1860; x_wconf 53' lang='lat' dir='ltr'><em>m</em></span> 
     </span>
    </p>
   </div>
   <div class='ocr_carea' id='block_1_4' title="bbox 940 2866 2109 2953">
    <p class='ocr_par' dir='ltr' id='par_1_4' title="bbox 940 2866 2109 2953">
     <span class='ocr_line' id='line_1_5' title="bbox 940 2866 2109 2953; baseline 0.003 -26"><span class='ocrx_word' id='word_1_7' title='bbox 940 2937 956 2953; x_wconf 37' lang='grc' dir='ltr'><strong><em>ο</em></strong></span> <span class='ocrx_word' id='word_1_8' title='bbox 1023 2866 1209 2929; x_wconf 88' lang='lat' dir='ltr'>etiam</span> <span class='ocrx_word' id='word_1_9' title='bbox 1229 2867 1431 2930; x_wconf 84' lang='lat' dir='ltr'>Lucae</span> <span class='ocrx_word' id='word_1_10' title='bbox 1449 2866 1713 2930; x_wconf 89' lang='lat' dir='ltr'>Fruterii</span> <span class='ocrx_word' id='word_1_11' title='bbox 1737 2868 2019 2949; x_wconf 82' lang='lat' dir='ltr'>reliquias</span> <span class='ocrx_word' id='word_1_12' title='bbox 2037 2886 2109 2931; x_wconf 89' lang='lat' dir='ltr'>su</span> 
     </span>
    </p>
   </div>
   <div class='ocr_carea' id='block_1_5' title="bbox 801 3588 960 3679">
    <p class='ocr_par' dir='ltr' id='par_1_5' title="bbox 801 3588 960 3679">
     <span class='ocr_line' id='line_1_6' title="bbox 801 3588 960 3679; baseline -0.013 -23"><span class='ocrx_word' id='word_1_13' title='bbox 801 3588 960 3679; x_wconf 76' lang='lat'>1566</span> 
     </span>
    </p>
   </div>
   <div class='ocr_carea' id='block_1_6' title="bbox 993 585 2685 1161">
    <p class='ocr_par' dir='ltr' id='par_1_6' title="bbox 993 585 2685 1161">
     <span class='ocr_line' id='line_1_7' title="bbox 995 585 2683 674; baseline 0 -20"><span class='ocrx_word' id='word_1_14' title='bbox 995 589 1174 654; x_wconf 82' lang='lat' dir='ltr'>cretii</span> <span class='ocrx_word' id='word_1_15' title='bbox 1207 589 1345 654; x_wconf 86' lang='lat' dir='ltr'>loca</span> <span class='ocrx_word' id='word_1_16' title='bbox 1362 585 1699 655; x_wconf 69' lang='lat' dir='ltr'><strong>restituisse</strong></span> <span class='ocrx_word' id='word_1_17' title='bbox 1720 610 1789 653; x_wconf 91' lang='lat' dir='ltr'>se</span> <span class='ocrx_word' id='word_1_18' title='bbox 1809 589 2155 674; x_wconf 86' lang='lat' dir='ltr'>profitetur.</span> <span class='ocrx_word' id='word_1_19' title='bbox 2188 590 2278 654; x_wconf 84' lang='lat' dir='ltr'>At</span> <span class='ocrx_word' id='word_1_20' title='bbox 2298 590 2598 662; x_wconf 78' lang='lat' dir='ltr'>neminem</span> <span class='ocrx_word' id='word_1_21' title='bbox 2616 612 2683 666; x_wconf 81' lang='lat' dir='ltr'>se</span> 
     </span>
     <span class='ocr_line' id='line_1_8' title="bbox 994 671 2685 756; baseline 0 -22"><span class='ocrx_word' id='word_1_22' title='bbox 994 673 1240 736; x_wconf 83' lang='lat' dir='ltr'>novisse</span> <span class='ocrx_word' id='word_1_23' title='bbox 1273 672 1524 734; x_wconf 88' lang='lat' dir='ltr'>affirmat</span> <span class='ocrx_word' id='word_1_24' title='bbox 1542 671 1961 736; x_wconf 84' lang='lat' dir='ltr'>Wakefieldus</span> <span class='ocrx_word' id='word_1_25' title='bbox 1975 717 1995 748; x_wconf 92' lang='lat'><strong>,</strong></span> <span class='ocrx_word' id='word_1_26' title='bbox 2030 674 2139 756; x_wconf 88' lang='lat' dir='ltr'>qui</span> <span class='ocrx_word' id='word_1_27' title='bbox 2158 687 2513 737; x_wconf 82' lang='lat' dir='ltr'>contextum</span> <span class='ocrx_word' id='word_1_28' title='bbox 2542 675 2685 734; x_wconf 86' lang='lat' dir='ltr'>scri-</span> 
     </span>
     <span class='ocr_line' id='line_1_9' title="bbox 993 753 2684 834; baseline 0.001 -20"><span class='ocrx_word' id='word_1_29' title='bbox 993 753 1189 834; x_wconf 88' lang='lat' dir='ltr'>ptoris</span> <span class='ocrx_word' id='word_1_30' title='bbox 1214 753 1538 816; x_wconf 87' lang='lat' dir='ltr'>cuiuslibet</span> <span class='ocrx_word' id='word_1_31' title='bbox 1553 800 1575 830; x_wconf 91' lang='lat'><strong>,</strong></span> <span class='ocrx_word' id='word_1_32' title='bbox 1616 755 1986 820; x_wconf 87' lang='lat' dir='ltr'>auctoritate</span> <span class='ocrx_word' id='word_1_33' title='bbox 2012 755 2493 818; x_wconf 85' lang='lat' dir='ltr'>membranarum</span> <span class='ocrx_word' id='word_1_34' title='bbox 2522 753 2684 815; x_wconf 88' lang='lat' dir='ltr'>levi-</span> 
     </span>
     <span class='ocr_line' id='line_1_10' title="bbox 997 833 2678 917; baseline 0.001 -23"><span class='ocrx_word' id='word_1_35' title='bbox 997 851 1095 894; x_wconf 86' lang='lat' dir='ltr'>ter</span> <span class='ocrx_word' id='word_1_36' title='bbox 1121 833 1480 898; x_wconf 88' lang='lat' dir='ltr'>conculcata</span> <span class='ocrx_word' id='word_1_37' title='bbox 1495 881 1514 910; x_wconf 93' lang='lat'><em>‚</em></span> <span class='ocrx_word' id='word_1_38' title='bbox 1594 835 1811 917; x_wconf 86' lang='lat' dir='ltr'>ropriis</span> <span class='ocrx_word' id='word_1_39' title='bbox 1850 835 2221 898; x_wconf 84' lang='lat' dir='ltr'>coniecturis</span> <span class='ocrx_word' id='word_1_40' title='bbox 2258 834 2641 898; x_wconf 70' lang='lat' dir='ltr'>infer-ciendis</span> <span class='ocrx_word' id='word_1_41' title='bbox 2657 879 2678 909; x_wconf 86' lang='lat'>‚</span> 
     </span>
     <span class='ocr_line' id='line_1_11' title="bbox 999 913 2684 1000; baseline 0 -25"><span class='ocrx_word' id='word_1_42' title='bbox 999 935 1116 998; x_wconf 65' lang='lat' dir='ltr'>per,</span> <span class='ocrx_word' id='word_1_43' title='bbox 1146 913 1502 978; x_wconf 81' lang='lat' dir='ltr'>effusiorem</span> <span class='ocrx_word' id='word_1_44' title='bbox 1572 917 1831 978; x_wconf 84' lang='lat' dir='ltr'>centiam</span> <span class='ocrx_word' id='word_1_45' title='bbox 1848 962 1868 991; x_wconf 93' lang='lat'><strong>‚</strong></span> <span class='ocrx_word' id='word_1_46' title='bbox 1898 932 2085 1000; x_wconf 88' lang='lat' dir='ltr'>atque</span> <span class='ocrx_word' id='word_1_47' title='bbox 2121 915 2521 980; x_wconf 77' lang='lat' dir='ltr'>inconsultam</span> <span class='ocrx_word' id='word_1_48' title='bbox 2550 934 2684 976; x_wconf 89' lang='lat' dir='ltr'>ma-</span> 
     </span>
     <span class='ocr_line' id='line_1_12' title="bbox 997 996 2682 1094; baseline 0.002 -36"><span class='ocrx_word' id='word_1_49' title='bbox 997 997 1090 1078; x_wconf 80' lang='lat' dir='ltr'>gis</span> <span class='ocrx_word' id='word_1_50' title='bbox 1126 997 1530 1061; x_wconf 80' lang='lat' dir='ltr'>&#39;temeritatem</span> <span class='ocrx_word' id='word_1_51' title='bbox 1547 1044 1567 1072; x_wconf 94' lang='lat'><strong>,</strong></span> <span class='ocrx_word' id='word_1_52' title='bbox 1606 997 1832 1094; x_wconf 81' lang='lat' dir='ltr'>passim</span> <span class='ocrx_word' id='word_1_53' title='bbox 1867 996 2261 1080; x_wconf 84' lang='lat' dir='ltr'>praefractius</span> <span class='ocrx_word' id='word_1_54' title='bbox 2292 997 2574 1060; x_wconf 88' lang='lat' dir='ltr'>vitiatum</span> <span class='ocrx_word' id='word_1_55' title='bbox 2614 1013 2682 1062; x_wconf 83' lang='lat' dir='ltr'>et</span> 
     </span>
     <span class='ocr_line' id='line_1_13' title="bbox 999 1077 2685 1161; baseline 0 -23"><span class='ocrx_word' id='word_1_56' title='bbox 999 1079 1388 1161; x_wconf 85' lang='lat' dir='ltr'>deturpatum</span> <span class='ocrx_word' id='word_1_57' title='bbox 1423 1079 1673 1142; x_wconf 74' lang='lat' dir='ltr'>dederit.</span> <span class='ocrx_word' id='word_1_58' title='bbox 1719 1077 2213 1142; x_wconf 81' lang='lat' dir='ltr'>Commentarius</span> <span class='ocrx_word' id='word_1_59' title='bbox 2252 1079 2526 1140; x_wconf 82' lang='lat' dir='ltr'>Lambini</span> <span class='ocrx_word' id='word_1_60' title='bbox 2554 1097 2685 1139; x_wconf 86' lang='lat' dir='ltr'>non</span> 
     </span>
    </p>
   </div>
   <div class='ocr_carea' id='block_1_7' title="bbox 983 1159 2687 1244">
    <p class='ocr_par' dir='ltr' id='par_1_7' title="bbox 983 1159 2687 1244">
     <span class='ocr_line' id='line_1_14' title="bbox 983 1159 2687 1244; baseline -0.002 -22"><span class='ocrx_word' id='word_1_61' title='bbox 983 1159 1203 1243; x_wconf 20' lang='lat' dir='ltr'>*solum</span> <span class='ocrx_word' id='word_1_62' title='bbox 1231 1162 1480 1244; x_wconf 87' lang='lat' dir='ltr'>optimis</span> <span class='ocrx_word' id='word_1_63' title='bbox 1502 1161 1568 1222; x_wconf 91' lang='lat' dir='ltr'>in</span> <span class='ocrx_word' id='word_1_64' title='bbox 1601 1160 1950 1224; x_wconf 85' lang='lat' dir='ltr'>Lucretium</span> <span class='ocrx_word' id='word_1_65' title='bbox 1967 1207 1986 1236; x_wconf 92' lang='lat'>‚</span> <span class='ocrx_word' id='word_1_66' title='bbox 2029 1161 2137 1224; x_wconf 90' lang='lat' dir='ltr'>sed</span> <span class='ocrx_word' id='word_1_67' title='bbox 2164 1159 2492 1243; x_wconf 84' lang='lat' dir='ltr'>generatim</span> <span class='ocrx_word' id='word_1_68' title='bbox 2515 1159 2687 1241; x_wconf 90' lang='lat' dir='ltr'>opti-</span> 
     </span>
    </p>
   </div>
   <div class='ocr_carea' id='block_1_8' title="bbox 1000 1238 2702 2543">
    <p class='ocr_par' dir='ltr' id='par_1_8' title="bbox 1000 1238 2693 1869">
     <span class='ocr_line' id='line_1_15' title="bbox 1001 1238 2688 1306; baseline -0.001 -4"><span class='ocrx_word' id='word_1_69' title='bbox 1001 1242 1117 1303; x_wconf 88' lang='lat' dir='ltr'>mis</span> <span class='ocrx_word' id='word_1_70' title='bbox 1147 1241 1599 1306; x_wconf 86' lang='lat' dir='ltr'>adnumeratur.</span> <span class='ocrx_word' id='word_1_71' title='bbox 1632 1242 1704 1304; x_wconf 87' lang='lat' dir='ltr'>ln</span> <span class='ocrx_word' id='word_1_72' title='bbox 1730 1240 1973 1304; x_wconf 84' lang='lat' dir='ltr'>Goetzii</span> <span class='ocrx_word' id='word_1_73' title='bbox 2002 1242 2266 1304; x_wconf 88' lang='lat' dir='ltr'>Memor.</span> <span class='ocrx_word' id='word_1_74' title='bbox 2294 1241 2432 1304; x_wconf 86' lang='lat' dir='ltr'>bibl.</span> <span class='ocrx_word' id='word_1_75' title='bbox 2458 1238 2688 1304; x_wconf 90' lang='lat' dir='ltr'>Dresd.</span> 
     </span>
     <span class='ocr_line' id='line_1_16' title="bbox 1000 1321 2688 1406; baseline 0.001 -23"><span class='ocrx_word' id='word_1_76' title='bbox 1000 1322 1052 1384; x_wconf 90' lang='lat'>1.</span> <span class='ocrx_word' id='word_1_77' title='bbox 1081 1341 1216 1405; x_wconf 86' lang='lat' dir='ltr'>pag.</span> <span class='ocrx_word' id='word_1_78' title='bbox 1251 1341 1383 1402; x_wconf 79' lang='lat'>332.</span> <span class='ocrx_word' id='word_1_79' title='bbox 1410 1339 1474 1385; x_wconf 89' lang='lat' dir='ltr'>et</span> <span class='ocrx_word' id='word_1_80' title='bbox 1499 1322 1777 1386; x_wconf 84' lang='lat' dir='ltr'>inCatal.</span> <span class='ocrx_word' id='word_1_81' title='bbox 1810 1323 1959 1388; x_wconf 89' lang='lat' dir='ltr'>bibl.</span> <span class='ocrx_word' id='word_1_82' title='bbox 1984 1321 2303 1406; x_wconf 73' lang='lat' dir='ltr'>Ludevig.</span> <span class='ocrx_word' id='word_1_83' title='bbox 2330 1323 2480 1386; x_wconf 89' lang='lat' dir='ltr'>baec</span> <span class='ocrx_word' id='word_1_84' title='bbox 2501 1321 2688 1385; x_wconf 87' lang='lat' dir='ltr'>editio</span> 
     </span>
     <span class='ocr_line' id='line_1_17' title="bbox 1045 1403 1893 1486; baseline 0.004 -22"><span class='ocrx_word' id='word_1_85' title='bbox 1045 1403 1300 1472; x_wconf 86' lang='lat' dir='ltr'>rodiisse</span> <span class='ocrx_word' id='word_1_86' title='bbox 1329 1404 1550 1468; x_wconf 88' lang='lat' dir='ltr'>dicitur</span> <span class='ocrx_word' id='word_1_87' title='bbox 1584 1423 1685 1468; x_wconf 89' lang='lat' dir='ltr'>an.</span> <span class='ocrx_word' id='word_1_88' title='bbox 1713 1403 1893 1486; x_wconf 81' lang='lat'>1564.</span> 
     </span>
     <span class='ocr_line' id='line_1_18' title="bbox 1174 1479 2693 1552; baseline -0.002 -6"><span class='ocrx_word' id='word_1_89' title='bbox 1174 1487 1254 1546; x_wconf 80' lang='lat' dir='ltr'>ini</span> <span class='ocrx_word' id='word_1_90' title='bbox 1271 1485 1350 1547; x_wconf 84' lang='lat'>11.</span> <span class='ocrx_word' id='word_1_91' title='bbox 1385 1487 1520 1547; x_wconf 88' lang='lat' dir='ltr'>sine</span> <span class='ocrx_word' id='word_1_92' title='bbox 1543 1486 2014 1549; x_wconf 84' lang='lat' dir='ltr'>commentariis.</span> <span class='ocrx_word' id='word_1_93' title='bbox 2052 1483 2133 1546; x_wconf 90' lang='lat' dir='ltr'>T.</span> <span class='ocrx_word' id='word_1_94' title='bbox 2156 1481 2422 1552; x_wconf 81' lang='lat' dir='ltr'>Lucretii</span> <span class='ocrx_word' id='word_1_95' title='bbox 2442 1479 2587 1545; x_wconf 82' lang='lat' dir='ltr'>Cari</span> <span class='ocrx_word' id='word_1_96' title='bbox 2615 1481 2693 1544; x_wconf 89' lang='lat' dir='ltr'>de</span> 
     </span>
     <span class='ocr_line' id='line_1_19' title="bbox 1006 1565 2689 1649; baseline -0.001 -21"><span class='ocrx_word' id='word_1_97' title='bbox 1006 1585 1210 1628; x_wconf 86' lang='lat' dir='ltr'>rerum</span> <span class='ocrx_word' id='word_1_98' title='bbox 1245 1582 1466 1630; x_wconf 86' lang='lat' dir='ltr'>natura</span> <span class='ocrx_word' id='word_1_99' title='bbox 1495 1567 1631 1629; x_wconf 84' lang='lat' dir='ltr'>libri</span> <span class='ocrx_word' id='word_1_100' title='bbox 1662 1587 1801 1642; x_wconf 80' lang='lat' dir='ltr'>sex,</span> <span class='ocrx_word' id='word_1_101' title='bbox 1836 1587 1875 1628; x_wconf 93' lang='lat' dir='ltr'>a</span> <span class='ocrx_word' id='word_1_102' title='bbox 1897 1567 2186 1649; x_wconf 77' lang='lat' dir='ltr'>‘Dionysio</span> <span class='ocrx_word' id='word_1_103' title='bbox 2212 1565 2471 1628; x_wconf 68' lang='lat' dir='ltr'>lambino</span> <span class='ocrx_word' id='word_1_104' title='bbox 2507 1582 2689 1627; x_wconf 73' lang='lat' dir='ltr'>reeo-</span> 
     </span>
     <span class='ocr_line' id='line_1_20' title="bbox 1005 1644 2693 1728; baseline 0 -18"><span class='ocrx_word' id='word_1_105' title='bbox 1005 1647 1178 1728; x_wconf 88' lang='lat' dir='ltr'>gniti.</span> <span class='ocrx_word' id='word_1_106' title='bbox 1199 1646 1619 1710; x_wconf 86' lang='lat' dir='ltr'>Accesserunt</span> <span class='ocrx_word' id='word_1_107' title='bbox 1641 1649 1789 1711; x_wconf 85' lang='lat' dir='ltr'>Adr.</span> <span class='ocrx_word' id='word_1_108' title='bbox 1809 1647 2090 1713; x_wconf 84' lang='lat' dir='ltr'>Turnebi</span> <span class='ocrx_word' id='word_1_109' title='bbox 2112 1645 2567 1712; x_wconf 83' lang='lat' dir='ltr'>emendationes</span> <span class='ocrx_word' id='word_1_110' title='bbox 2591 1644 2693 1710; x_wconf 70' lang='lat' dir='ltr'>ali-2</span> 
     </span>
     <span class='ocr_line' id='line_1_21' title="bbox 1007 1723 2224 1869; baseline -0.002 -78"><span class='ocrx_word' id='word_1_111' title='bbox 1007 1745 1184 1869; x_wconf 53' lang='lat' dir='ltr'>qpot.</span> <span class='ocrx_word' id='word_1_112' title='bbox 1225 1730 1486 1801; x_wconf 76' lang='lat' dir='ltr'>Parisiis,</span> <span class='ocrx_word' id='word_1_113' title='bbox 1509 1733 1657 1812; x_wconf 82' lang='lat' dir='ltr'>apud</span> <span class='ocrx_word' id='word_1_114' title='bbox 1682 1731 1757 1792; x_wconf 86' lang='lat' dir='ltr'>G.</span> <span class='ocrx_word' id='word_1_115' title='bbox 1774 1723 2091 1793; x_wconf 75' lang='lat' dir='ltr'>Rouillium.</span> <span class='ocrx_word' id='word_1_116' title='bbox 2132 1725 2224 1788; x_wconf 79' lang='lat'>16.</span> 
     </span>
    </p>

    <p class='ocr_par' dir='ltr' id='par_1_9' title="bbox 1010 1806 2702 2543">
     <span class='ocr_line' id='line_1_22' title="bbox 1071 1806 2697 1880; baseline -0.002 -6"><span class='ocrx_word' id='word_1_117' title='bbox 1071 1854 1088 1874; x_wconf 91' lang='lat'>.</span> <span class='ocrx_word' id='word_1_118' title='bbox 1113 1811 1378 1874; x_wconf 89' lang='lat' dir='ltr'>Lucretii</span> <span class='ocrx_word' id='word_1_119' title='bbox 1401 1809 1544 1874; x_wconf 87' lang='lat' dir='ltr'>Cari</span> <span class='ocrx_word' id='word_1_120' title='bbox 1580 1809 1657 1871; x_wconf 90' lang='lat' dir='ltr'>de</span> <span class='ocrx_word' id='word_1_121' title='bbox 1686 1828 1889 1876; x_wconf 86' lang='lat' dir='ltr'>rerum</span> <span class='ocrx_word' id='word_1_122' title='bbox 1915 1823 2133 1872; x_wconf 88' lang='lat' dir='ltr'>natura</span> <span class='ocrx_word' id='word_1_123' title='bbox 2154 1806 2289 1870; x_wconf 89' lang='lat' dir='ltr'>libri</span> <span class='ocrx_word' id='word_1_124' title='bbox 2312 1826 2453 1880; x_wconf 83' lang='lat' dir='ltr'>sex,</span> <span class='ocrx_word' id='word_1_125' title='bbox 2484 1815 2697 1873; x_wconf 66' lang='lat' dir='ltr'>emenv&#39;</span> 
     </span>
     <span class='ocr_line' id='line_1_23' title="bbox 1011 1872 2702 1975; baseline -0.001 -23"><span class='ocrx_word' id='word_1_126' title='bbox 1011 1891 1141 1954; x_wconf 86' lang='lat' dir='ltr'>dati</span> <span class='ocrx_word' id='word_1_127' title='bbox 1173 1907 1239 1956; x_wconf 91' lang='lat' dir='ltr'>et</span> <span class='ocrx_word' id='word_1_128' title='bbox 1271 1909 1352 1960; x_wconf 80' lang='lat' dir='ltr'>ex</span> <span class='ocrx_word' id='word_1_129' title='bbox 1380 1872 1516 1952; x_wconf 71' lang='lat' dir='ltr'>inan</span> <span class='ocrx_word' id='word_1_130' title='bbox 1524 1890 1803 1975; x_wconf 77' lang='lat' dir='ltr'>ascriptis</span> <span class='ocrx_word' id='word_1_131' title='bbox 1841 1891 2106 1954; x_wconf 84' lang='lat' dir='ltr'>restituti</span> <span class='ocrx_word' id='word_1_132' title='bbox 2140 1889 2217 1952; x_wconf 90' lang='lat' dir='ltr'>ab</span> <span class='ocrx_word' id='word_1_133' title='bbox 2251 1889 2441 1952; x_wconf 74' lang='lat' dir='ltr'>oberto</span> <span class='ocrx_word' id='word_1_134' title='bbox 2478 1889 2702 1971; x_wconf 46' lang='lat' dir='ltr'>Giplmq</span> 
     </span>
     <span class='ocr_line' id='line_1_24' title="bbox 1010 1968 2696 2064; baseline -0.002 -28"><span class='ocrx_word' id='word_1_135' title='bbox 1010 1974 1102 2036; x_wconf 80' lang='lat' dir='ltr'>nio</span> <span class='ocrx_word' id='word_1_136' title='bbox 1119 2019 1142 2045; x_wconf 91' lang='lat'>,</span> <span class='ocrx_word' id='word_1_137' title='bbox 1181 1971 1468 2035; x_wconf 85' lang='lat' dir='ltr'>Burano:</span> <span class='ocrx_word' id='word_1_138' title='bbox 1501 1972 1703 2034; x_wconf 89' lang='lat' dir='ltr'>addita</span> <span class='ocrx_word' id='word_1_139' title='bbox 1734 1989 1876 2040; x_wconf 80' lang='lat' dir='ltr'>sunt</span> <span class='ocrx_word' id='word_1_140' title='bbox 1900 1973 2032 2036; x_wconf 87' lang='lat' dir='ltr'>vita</span> <span class='ocrx_word' id='word_1_141' title='bbox 2069 1971 2337 2041; x_wconf 86' lang='lat' dir='ltr'>Lucretii</span> <span class='ocrx_word' id='word_1_142' title='bbox 2352 2015 2371 2046; x_wconf 89' lang='lat'><strong>,</strong></span> <span class='ocrx_word' id='word_1_143' title='bbox 2406 1985 2467 2032; x_wconf 91' lang='lat' dir='ltr'>et</span> <span class='ocrx_word' id='word_1_144' title='bbox 2500 1968 2696 2064; x_wconf 79' lang='lat' dir='ltr'>gentis</span> 
     </span>
     <span class='ocr_line' id='line_1_25' title="bbox 1013 2051 2699 2138; baseline -0.002 -22"><span class='ocrx_word' id='word_1_145' title='bbox 1013 2054 1346 2116; x_wconf 86' lang='lat' dir='ltr'>Memmiae</span> <span class='ocrx_word' id='word_1_146' title='bbox 1379 2053 1741 2138; x_wconf 85' lang='lat' dir='ltr'>descriptio;</span> <span class='ocrx_word' id='word_1_147' title='bbox 1772 2070 1957 2116; x_wconf 89' lang='lat' dir='ltr'>notae</span> <span class='ocrx_word' id='word_1_148' title='bbox 1991 2051 2389 2136; x_wconf 84' lang='lat' dir='ltr'>marginales;</span> <span class='ocrx_word' id='word_1_149' title='bbox 2430 2067 2699 2134; x_wconf 68' lang='lat' dir='ltr'>epitome</span> 
     </span>
     <span class='ocr_line' id='line_1_26' title="bbox 1013 2131 2697 2219; baseline -0.004 -21"><span class='ocrx_word' id='word_1_150' title='bbox 1013 2152 1126 2198; x_wconf 86' lang='lat' dir='ltr'>seu</span> <span class='ocrx_word' id='word_1_151' title='bbox 1161 2136 1595 2219; x_wconf 86' lang='lat' dir='ltr'>compendium</span> <span class='ocrx_word' id='word_1_152' title='bbox 1646 2136 1891 2219; x_wconf 86' lang='lat' dir='ltr'>Epicuri</span> <span class='ocrx_word' id='word_1_153' title='bbox 1932 2135 2009 2198; x_wconf 88' lang='lat' dir='ltr'>de</span> <span class='ocrx_word' id='word_1_154' title='bbox 2045 2153 2249 2199; x_wconf 87' lang='lat' dir='ltr'>rerum</span> <span class='ocrx_word' id='word_1_155' title='bbox 2280 2150 2493 2198; x_wconf 86' lang='lat' dir='ltr'>natura</span> <span class='ocrx_word' id='word_1_156' title='bbox 2512 2139 2549 2207; x_wconf 82' lang='grc'>,·</span> <span class='ocrx_word' id='word_1_157' title='bbox 2570 2131 2697 2194; x_wconf 89' lang='lat' dir='ltr'>Lu·-</span> 
     </span>
     <span class='ocr_line' id='line_1_27' title="bbox 1014 2214 2697 2299; baseline 0.001 -21"><span class='ocrx_word' id='word_1_158' title='bbox 1014 2215 1210 2280; x_wconf 87' lang='lat' dir='ltr'>cretio</span> <span class='ocrx_word' id='word_1_159' title='bbox 1245 2217 1772 2282; x_wconf 83' lang='lat' dir='ltr'>accommodatum</span> <span class='ocrx_word' id='word_1_160' title='bbox 1795 2263 1814 2291; x_wconf 93' lang='lat'><strong>,</strong></span> <span class='ocrx_word' id='word_1_161' title='bbox 1894 2237 2110 2292; x_wconf 83' lang='lat' dir='ltr'>raece3</span> <span class='ocrx_word' id='word_1_162' title='bbox 2161 2215 2358 2299; x_wconf 86' lang='lat' dir='ltr'>capita</span> <span class='ocrx_word' id='word_1_163' title='bbox 2402 2214 2697 2296; x_wconf 84' lang='lat' dir='ltr'>quaedam</span> 
     </span>
     <span class='ocr_line' id='line_1_28' title="bbox 1013 2294 2697 2378; baseline -0.001 -20"><span class='ocrx_word' id='word_1_164' title='bbox 1013 2297 1439 2378; x_wconf 83' lang='lat' dir='ltr'>philosophiae</span> <span class='ocrx_word' id='word_1_165' title='bbox 1467 2297 1799 2378; x_wconf 84' lang='lat' dir='ltr'>Epicureae</span> <span class='ocrx_word' id='word_1_166' title='bbox 1884 2316 1921 2358; x_wconf 91' lang='lat' dir='ltr'>e</span> <span class='ocrx_word' id='word_1_167' title='bbox 1950 2315 2153 2362; x_wconf 83' lang='lat' dir='ltr'>rerum</span> <span class='ocrx_word' id='word_1_168' title='bbox 2190 2313 2449 2370; x_wconf 87' lang='lat' dir='ltr'>natura,</span> <span class='ocrx_word' id='word_1_169' title='bbox 2488 2313 2563 2359; x_wconf 84' lang='lat' dir='ltr'>ex</span> <span class='ocrx_word' id='word_1_170' title='bbox 2604 2294 2697 2356; x_wconf 88' lang='lat' dir='ltr'>M.</span> 
     </span>
     <span class='ocr_line' id='line_1_29' title="bbox 1011 2374 2695 2459; baseline -0.001 -21"><span class='ocrx_word' id='word_1_171' title='bbox 1011 2375 1202 2440; x_wconf 88' lang='lat' dir='ltr'>Tullii</span> <span class='ocrx_word' id='word_1_172' title='bbox 1234 2376 1491 2442; x_wconf 90' lang='lat' dir='ltr'>collecta</span> <span class='ocrx_word' id='word_1_173' title='bbox 1509 2377 1674 2440; x_wconf 89' lang='lat' dir='ltr'>libris</span> <span class='ocrx_word' id='word_1_174' title='bbox 1690 2425 1710 2454; x_wconf 93' lang='lat'><strong>‚</strong></span> <span class='ocrx_word' id='word_1_175' title='bbox 1738 2379 1888 2442; x_wconf 88' lang='lat' dir='ltr'>item</span> <span class='ocrx_word' id='word_1_176' title='bbox 1908 2378 2116 2440; x_wconf 88' lang='lat' dir='ltr'>verbis</span> <span class='ocrx_word' id='word_1_177' title='bbox 2143 2374 2272 2440; x_wconf 91' lang='lat' dir='ltr'>Titi</span> <span class='ocrx_word' id='word_1_178' title='bbox 2318 2375 2695 2459; x_wconf 86' lang='lat' dir='ltr'>composita;</span> 
     </span>
     <span class='ocr_line' id='line_1_30' title="bbox 1013 2457 2701 2543; baseline 0.001 -20"><span class='ocrx_word' id='word_1_179' title='bbox 1013 2458 1393 2523; x_wconf 86' lang='lat' dir='ltr'>collectanea</span> <span class='ocrx_word' id='word_1_180' title='bbox 1431 2460 1508 2521; x_wconf 87' lang='lat' dir='ltr'>ad</span> <span class='ocrx_word' id='word_1_181' title='bbox 1543 2460 1925 2543; x_wconf 82' lang='lat' dir='ltr'>antiquitatis</span> <span class='ocrx_word' id='word_1_182' title='bbox 1952 2460 2273 2537; x_wconf 81' lang='lat' dir='ltr'>notitiam3</span> <span class='ocrx_word' id='word_1_183' title='bbox 2318 2457 2701 2539; x_wconf 74' lang='lat' dir='ltr'>Thucydidis</span> 
     </span>
    </p>
   </div>
   <div class='ocr_carea' id='block_1_9' title="bbox 985 2539 2705 2625">
    <p class='ocr_par' dir='ltr' id='par_1_10' title="bbox 985 2539 2705 2625">
     <span class='ocr_line' id='line_1_31' title="bbox 985 2539 2705 2625; baseline -0.005 -19"><span class='ocrx_word' id='word_1_184' title='bbox 985 2568 990 2570; x_wconf 91' lang='lat'>·</span> <span class='ocrx_word' id='word_1_185' title='bbox 1013 2539 1208 2605; x_wconf 83' lang='lat' dir='ltr'>verba</span> <span class='ocrx_word' id='word_1_186' title='bbox 1237 2562 1272 2605; x_wconf 96' lang='lat' dir='ltr'>e</span> <span class='ocrx_word' id='word_1_187' title='bbox 1302 2540 1460 2604; x_wconf 90' lang='lat' dir='ltr'>libro</span> <span class='ocrx_word' id='word_1_188' title='bbox 1480 2544 1756 2605; x_wconf 81' lang='lat' dir='ltr'>secundo</span> <span class='ocrx_word' id='word_1_189' title='bbox 1784 2542 1862 2606; x_wconf 88' lang='lat' dir='ltr'>de</span> <span class='ocrx_word' id='word_1_190' title='bbox 1890 2541 2230 2625; x_wconf 84' lang='lat' dir='ltr'>pestilentia</span> <span class='ocrx_word' id='word_1_191' title='bbox 2260 2540 2483 2603; x_wconf 87' lang='lat' dir='ltr'>Athen.</span> <span class='ocrx_word' id='word_1_192' title='bbox 2523 2558 2705 2621; x_wconf 50' lang='lat' dir='ltr'>graeq</span> 
     </span>
    </p>
   </div>
   <div class='ocr_carea' id='block_1_10' title="bbox 1020 2622 2722 3934">
    <p class='ocr_par' dir='ltr' id='par_1_11' title="bbox 1020 2622 2722 3934">
     <span class='ocr_line' id='line_1_32' title="bbox 1020 2622 2697 2705; baseline -0.002 -19"><span class='ocrx_word' id='word_1_193' title='bbox 1020 2640 1132 2698; x_wconf 82' lang='lat' dir='ltr'>ce;</span> <span class='ocrx_word' id='word_1_194' title='bbox 1170 2623 1385 2696; x_wconf 33' lang='lat' dir='ltr'>variae·</span> <span class='ocrx_word' id='word_1_195' title='bbox 1411 2622 1708 2686; x_wconf 89' lang='lat' dir='ltr'>lectiones</span> <span class='ocrx_word' id='word_1_196' title='bbox 1748 2640 1813 2687; x_wconf 90' lang='lat' dir='ltr'>et</span> <span class='ocrx_word' id='word_1_197' title='bbox 1836 2622 2294 2705; x_wconf 69' lang='lat' dir='ltr'>castigationes».</span> <span class='ocrx_word' id='word_1_198' title='bbox 2328 2623 2659 2705; x_wconf 76' lang='lat' dir='ltr'>Antverpiae</span> <span class='ocrx_word' id='word_1_199' title='bbox 2672 2667 2697 2695; x_wconf 89' lang='lat'>,</span> 
     </span>
     <span class='ocr_line' id='line_1_33' title="bbox 1020 2702 2704 2788; baseline 0.004 -24"><span class='ocrx_word' id='word_1_200' title='bbox 1020 2706 1167 2787; x_wconf 81' lang='lat' dir='ltr'>apud</span> <span class='ocrx_word' id='word_1_201' title='bbox 1197 2704 1486 2788; x_wconf 71' lang='lat' dir='ltr'>christoph.</span> <span class='ocrx_word' id='word_1_202' title='bbox 1520 2704 1855 2767; x_wconf 73' lang='lat' dir='ltr'>Plancinam.</span> <span class='ocrx_word' id='word_1_203' title='bbox 1890 2705 1947 2767; x_wconf 91' lang='lat'>8.</span> <span class='ocrx_word' id='word_1_204' title='bbox 1972 2737 2058 2755; x_wconf 91' lang='lat'>—</span> <span class='ocrx_word' id='word_1_205' title='bbox 2088 2702 2173 2767; x_wconf 91' lang='lat' dir='ltr'>Gi</span> <span class='ocrx_word' id='word_1_206' title='bbox 2216 2704 2431 2765; x_wconf 87' lang='lat' dir='ltr'>hanius</span> <span class='ocrx_word' id='word_1_207' title='bbox 2465 2717 2704 2784; x_wconf 80' lang='lat' dir='ltr'>praeter</span> 
     </span>
     <span class='ocr_line' id='line_1_34' title="bbox 1021 2784 2701 2928; baseline -0.001 -81"><span class='ocrx_word' id='word_1_208' title='bbox 1021 2784 1300 2848; x_wconf 85' lang='lat' dir='ltr'>Lambini</span> <span class='ocrx_word' id='word_1_209' title='bbox 1318 2786 1795 2857; x_wconf 85' lang='lat' dir='ltr'>commentarios</span> <span class='ocrx_word' id='word_1_210' title='bbox 1814 2832 1835 2861; x_wconf 94' lang='lat'>,</span> <span class='ocrx_word' id='word_1_211' title='bbox 1866 2804 2025 2869; x_wconf 84' lang='lat' dir='ltr'>quos</span> <span class='ocrx_word' id='word_1_212' title='bbox 2048 2804 2169 2928; x_wconf 53' lang='grc' dir='ltr'>εκε-</span> <span class='ocrx_word' id='word_1_213' title='bbox 2207 2803 2339 2849; x_wconf 84' lang='lat' dir='ltr'>asse</span> <span class='ocrx_word' id='word_1_214' title='bbox 2354 2785 2701 2857; x_wconf 87' lang='lat' dir='ltr'>incusatur,</span> 
     </span>
     <span class='ocr_line' id='line_1_35' title="bbox 2206 2881 2707 2945; baseline -0.008 -16"><span class='ocrx_word' id='word_1_215' title='bbox 2206 2882 2369 2929; x_wconf 87' lang='lat' dir='ltr'>ratus</span> <span class='ocrx_word' id='word_1_216' title='bbox 2385 2881 2572 2945; x_wconf 90' lang='lat' dir='ltr'>atque</span> <span class='ocrx_word' id='word_1_217' title='bbox 2592 2883 2707 2926; x_wconf 87' lang='lat' dir='ltr'>un-</span> 
     </span>
     <span class='ocr_line' id='line_1_36' title="bbox 1023 2944 2709 3030; baseline -0.001 -21"><span class='ocrx_word' id='word_1_218' title='bbox 1023 2948 1208 3030; x_wconf 86' lang='lat' dir='ltr'>dique</span> <span class='ocrx_word' id='word_1_219' title='bbox 1242 2948 1565 3011; x_wconf 89' lang='lat' dir='ltr'>doctorum</span> <span class='ocrx_word' id='word_1_220' title='bbox 1613 2967 1687 3010; x_wconf 89' lang='lat' dir='ltr'>ea</span> <span class='ocrx_word' id='word_1_221' title='bbox 1719 2964 1920 3011; x_wconf 87' lang='lat' dir='ltr'>aetate</span> <span class='ocrx_word' id='word_1_222' title='bbox 1960 2949 2343 3011; x_wconf 85' lang='lat' dir='ltr'>coniecturas</span> <span class='ocrx_word' id='word_1_223' title='bbox 2384 2944 2709 3008; x_wconf 88' lang='lat' dir='ltr'>corrasisse</span> 
     </span>
     <span class='ocr_line' id='line_1_37' title="bbox 1026 3026 2713 3112; baseline -0.003 -21"><span class='ocrx_word' id='word_1_224' title='bbox 1026 3029 1325 3112; x_wconf 80' lang='lat' dir='ltr'>arguitur.</span> <span class='ocrx_word' id='word_1_225' title='bbox 1364 3030 1508 3092; x_wconf 83' lang='lat' dir='ltr'>vid.</span> <span class='ocrx_word' id='word_1_226' title='bbox 1531 3029 1942 3112; x_wconf 80' lang='lat' dir='ltr'>Havercampi</span> <span class='ocrx_word' id='word_1_227' title='bbox 1970 3027 2158 3111; x_wconf 85' lang='lat' dir='ltr'>praef.</span> <span class='ocrx_word' id='word_1_228' title='bbox 2189 3028 2259 3091; x_wconf 87' lang='lat' dir='ltr'>In</span> <span class='ocrx_word' id='word_1_229' title='bbox 2279 3026 2545 3091; x_wconf 86' lang='lat' dir='ltr'>lectione</span> <span class='ocrx_word' id='word_1_230' title='bbox 2562 3070 2583 3101; x_wconf 87' lang='lat'>,</span> <span class='ocrx_word' id='word_1_231' title='bbox 2609 3027 2713 3087; x_wconf 81' lang='lat' dir='ltr'>in·-</span> 
     </span>
     <span class='ocr_line' id='line_1_38' title="bbox 1031 3099 2716 3207; baseline -0.001 -36"><span class='ocrx_word' id='word_1_232' title='bbox 1031 3099 1460 3193; x_wconf 87' lang='lat' dir='ltr'>terpunctione</span> <span class='ocrx_word' id='word_1_233' title='bbox 1495 3125 1563 3171; x_wconf 91' lang='lat' dir='ltr'>et</span> <span class='ocrx_word' id='word_1_234' title='bbox 1604 3111 2043 3207; x_wconf 85' lang='lat' dir='ltr'>orthographia</span> <span class='ocrx_word' id='word_1_235' title='bbox 2059 3156 2079 3185; x_wconf 93' lang='lat'><strong>‚</strong></span> <span class='ocrx_word' id='word_1_236' title='bbox 2120 3110 2197 3171; x_wconf 89' lang='lat' dir='ltr'>de</span> <span class='ocrx_word' id='word_1_237' title='bbox 2224 3127 2347 3191; x_wconf 88' lang='lat' dir='ltr'>qua</span> <span class='ocrx_word' id='word_1_238' title='bbox 2384 3110 2449 3170; x_wconf 89' lang='lat' dir='ltr'>in</span> <span class='ocrx_word' id='word_1_239' title='bbox 2472 3106 2716 3191; x_wconf 63' lang='lat' dir='ltr'>praesa-i</span> 
     </span>
     <span class='ocr_line' id='line_1_39' title="bbox 1031 3188 2710 3271; baseline 0.002 -18"><span class='ocrx_word' id='word_1_240' title='bbox 1031 3191 1206 3254; x_wconf 90' lang='lat' dir='ltr'>tione</span> <span class='ocrx_word' id='word_1_241' title='bbox 1243 3190 1470 3255; x_wconf 86' lang='lat' dir='ltr'>multus</span> <span class='ocrx_word' id='word_1_242' title='bbox 1499 3206 1629 3268; x_wconf 85' lang='lat' dir='ltr'>est,</span> <span class='ocrx_word' id='word_1_243' title='bbox 1677 3195 2108 3258; x_wconf 71' lang='lat' dir='ltr'>discessionem</span> <span class='ocrx_word' id='word_1_244' title='bbox 2147 3191 2299 3253; x_wconf 89' lang='lat' dir='ltr'>facit</span> <span class='ocrx_word' id='word_1_245' title='bbox 2334 3188 2710 3271; x_wconf 84' lang='lat' dir='ltr'>frequentem.</span> 
     </span>
     <span class='ocr_line' id='line_1_40' title="bbox 1033 3272 2712 3357; baseline -0.002 -22"><span class='ocrx_word' id='word_1_246' title='bbox 1033 3272 1112 3335; x_wconf 90' lang='lat' dir='ltr'>ab</span> <span class='ocrx_word' id='word_1_247' title='bbox 1140 3273 1478 3338; x_wconf 84' lang='lat' dir='ltr'>editoribus</span> <span class='ocrx_word' id='word_1_248' title='bbox 1507 3275 1967 3355; x_wconf 79' lang='lat' dir='ltr'>superioribus;</span> <span class='ocrx_word' id='word_1_249' title='bbox 1998 3292 2210 3357; x_wconf 87' lang='lat' dir='ltr'>parum</span> <span class='ocrx_word' id='word_1_250' title='bbox 2244 3287 2449 3333; x_wconf 85' lang='lat' dir='ltr'>tamen</span> <span class='ocrx_word' id='word_1_251' title='bbox 2468 3284 2712 3333; x_wconf 66' lang='lat' dir='ltr'>„contu-</span> 
     </span>
     <span class='ocr_line' id='line_1_41' title="bbox 1031 3351 2713 3445; baseline 0 -33"><span class='ocrx_word' id='word_1_252' title='bbox 1031 3352 1105 3413; x_wconf 86' lang='lat' dir='ltr'>lit</span> <span class='ocrx_word' id='word_1_253' title='bbox 1120 3396 1140 3425; x_wconf 90' lang='lat'>,</span> <span class='ocrx_word' id='word_1_254' title='bbox 1173 3371 1250 3415; x_wconf 87' lang='lat' dir='ltr'>ex</span> <span class='ocrx_word' id='word_1_255' title='bbox 1279 3372 1408 3445; x_wconf 81' lang='lat' dir='ltr'>quo</span> <span class='ocrx_word' id='word_1_256' title='bbox 1434 3351 1700 3418; x_wconf 84' lang='lat' dir='ltr'>Lucretii</span> <span class='ocrx_word' id='word_1_257' title='bbox 1726 3370 2060 3419; x_wconf 78' lang='lat' dir='ltr'>contextus</span> <span class='ocrx_word' id='word_1_258' title='bbox 2084 3351 2457 3415; x_wconf 86' lang='lat' dir='ltr'>emendatior</span> <span class='ocrx_word' id='word_1_259' title='bbox 2494 3364 2713 3413; x_wconf 85' lang='lat' dir='ltr'>evase·</span> 
     </span>
     <span class='ocr_line' id='line_1_42' title="bbox 1035 3431 2715 3517; baseline 0.001 -24"><span class='ocrx_word' id='word_1_260' title='bbox 1035 3432 1140 3506; x_wconf 89' lang='lat' dir='ltr'>rit,</span> <span class='ocrx_word' id='word_1_261' title='bbox 1157 3431 1516 3517; x_wconf 69' lang='lat' dir='ltr'>virdiligens</span> <span class='ocrx_word' id='word_1_262' title='bbox 1535 3436 1813 3517; x_wconf 87' lang='lat' dir='ltr'>quamvis</span> <span class='ocrx_word' id='word_1_263' title='bbox 1836 3450 1899 3497; x_wconf 90' lang='lat' dir='ltr'>et</span> <span class='ocrx_word' id='word_1_264' title='bbox 1914 3434 2133 3497; x_wconf 89' lang='lat' dir='ltr'>doctus</span> <span class='ocrx_word' id='word_1_265' title='bbox 2150 3476 2171 3508; x_wconf 90' lang='lat'><strong>,</strong></span> <span class='ocrx_word' id='word_1_266' title='bbox 2198 3432 2305 3495; x_wconf 90' lang='lat' dir='ltr'>sed</span> <span class='ocrx_word' id='word_1_267' title='bbox 2332 3432 2543 3495; x_wconf 87' lang='lat' dir='ltr'>limato</span> <span class='ocrx_word' id='word_1_268' title='bbox 2561 3432 2715 3497; x_wconf 85' lang='lat' dir='ltr'>iudi-</span> 
     </span>
     <span class='ocr_line' id='line_1_43' title="bbox 1035 3513 2717 3596; baseline 0.002 -21"><span class='ocrx_word' id='word_1_269' title='bbox 1035 3514 1162 3587; x_wconf 90' lang='lat' dir='ltr'>cio,</span> <span class='ocrx_word' id='word_1_270' title='bbox 1183 3514 1313 3577; x_wconf 84' lang='lat' dir='ltr'>sine</span> <span class='ocrx_word' id='word_1_271' title='bbox 1330 3534 1458 3596; x_wconf 78' lang='lat' dir='ltr'>,quo</span> <span class='ocrx_word' id='word_1_272' title='bbox 1479 3514 1703 3579; x_wconf 84' lang='lat' dir='ltr'>frustra</span> <span class='ocrx_word' id='word_1_273' title='bbox 1722 3515 1951 3579; x_wconf 87' lang='lat' dir='ltr'>Critice</span> <span class='ocrx_word' id='word_1_274' title='bbox 1984 3530 2300 3577; x_wconf 85' lang='lat' dir='ltr'>exercetur</span> <span class='ocrx_word' id='word_1_275' title='bbox 2316 3560 2337 3587; x_wconf 87' lang='lat'>‚</span> <span class='ocrx_word' id='word_1_276' title='bbox 2366 3513 2717 3580; x_wconf 55' lang='lat' dir='ltr'>destitutus</span> 
     </span>
     <span class='ocr_line' id='line_1_44' title="bbox 1039 3590 2722 3665; baseline 0.002 -12"><span class='ocrx_word' id='word_1_277' title='bbox 1039 3590 1120 3655; x_wconf 91' lang='lat' dir='ltr'>T.</span> <span class='ocrx_word' id='word_1_278' title='bbox 1154 3591 1422 3658; x_wconf 86' lang='lat' dir='ltr'>Lucretii</span> <span class='ocrx_word' id='word_1_279' title='bbox 1445 3595 1595 3660; x_wconf 88' lang='lat' dir='ltr'>Cari</span> <span class='ocrx_word' id='word_1_280' title='bbox 1626 3598 1706 3659; x_wconf 87' lang='lat' dir='ltr'>de</span> <span class='ocrx_word' id='word_1_281' title='bbox 1734 3616 1935 3661; x_wconf 86' lang='lat' dir='ltr'>rerum</span> <span class='ocrx_word' id='word_1_282' title='bbox 1964 3611 2181 3660; x_wconf 85' lang='lat' dir='ltr'>natura</span> <span class='ocrx_word' id='word_1_283' title='bbox 2211 3593 2347 3657; x_wconf 90' lang='lat' dir='ltr'>libri</span> <span class='ocrx_word' id='word_1_284' title='bbox 2376 3613 2485 3659; x_wconf 83' lang='lat' dir='ltr'>sex</span> <span class='ocrx_word' id='word_1_285' title='bbox 2505 3613 2722 3665; x_wconf 65' lang='lat' dir='ltr'>emen-v,</span> 
     </span>
     <span class='ocr_line' id='line_1_45' title="bbox 1037 3674 2719 3763; baseline 0 -24"><span class='ocrx_word' id='word_1_286' title='bbox 1037 3674 1166 3739; x_wconf 79' lang='lat' dir='ltr'>dati</span> <span class='ocrx_word' id='word_1_287' title='bbox 1197 3691 1262 3738; x_wconf 89' lang='lat' dir='ltr'>et</span> <span class='ocrx_word' id='word_1_288' title='bbox 1297 3694 1376 3737; x_wconf 80' lang='lat' dir='ltr'>ex</span> <span class='ocrx_word' id='word_1_289' title='bbox 1403 3679 1822 3763; x_wconf 85' lang='lat' dir='ltr'>manuscriptis</span> <span class='ocrx_word' id='word_1_290' title='bbox 1854 3678 2117 3741; x_wconf 87' lang='lat' dir='ltr'>restituti</span> <span class='ocrx_word' id='word_1_291' title='bbox 2156 3677 2235 3739; x_wconf 91' lang='lat' dir='ltr'>ab</span> <span class='ocrx_word' id='word_1_292' title='bbox 2268 3679 2459 3740; x_wconf 78' lang='lat' dir='ltr'>Obmo</span> <span class='ocrx_word' id='word_1_293' title='bbox 2495 3678 2719 3761; x_wconf 79' lang='lat' dir='ltr'>Gipha-</span> 
     </span>
     <span class='ocr_line' id='line_1_46' title="bbox 1039 3754 2721 3842; baseline -0.001 -21"><span class='ocrx_word' id='word_1_294' title='bbox 1039 3754 1132 3821; x_wconf 78' lang='lat' dir='ltr'>nio</span> <span class='ocrx_word' id='word_1_295' title='bbox 1155 3772 1273 3819; x_wconf 89' lang='lat' dir='ltr'>etc.</span> <span class='ocrx_word' id='word_1_296' title='bbox 1307 3774 1378 3820; x_wconf 88' lang='lat' dir='ltr'>ut</span> <span class='ocrx_word' id='word_1_297' title='bbox 1418 3760 1483 3820; x_wconf 90' lang='lat' dir='ltr'>in</span> <span class='ocrx_word' id='word_1_298' title='bbox 1509 3760 1609 3823; x_wconf 88' lang='lat' dir='ltr'>ed.</span> <span class='ocrx_word' id='word_1_299' title='bbox 1636 3763 2054 3823; x_wconf 85' lang='lat' dir='ltr'>antecedente.</span> <span class='ocrx_word' id='word_1_300' title='bbox 2096 3760 2459 3841; x_wconf 66' lang='lat' dir='ltr'>antverpiae,</span> <span class='ocrx_word' id='word_1_301' title='bbox 2494 3781 2563 3821; x_wconf 84' lang='lat' dir='ltr'>ex</span> <span class='ocrx_word' id='word_1_302' title='bbox 2594 3759 2721 3842; x_wconf 77' lang='lat' dir='ltr'><em>‘’ff‘-</em></span> 
     </span>
     <span class='ocr_line' id='line_1_47' title="bbox 1040 3837 2674 3934; baseline 0 -33"><span class='ocrx_word' id='word_1_303' title='bbox 1040 3837 1164 3901; x_wconf 80' lang='lat' dir='ltr'>cina</span> <span class='ocrx_word' id='word_1_304' title='bbox 1191 3839 1367 3901; x_wconf 80' lang='lat' dir='ltr'>Christ</span> <span class='ocrx_word' id='word_1_305' title='bbox 1435 3841 1488 3901; x_wconf 83' lang='grc' dir='ltr'>Ιι.</span> <span class='ocrx_word' id='word_1_306' title='bbox 1518 3840 1781 3905; x_wconf 66' lang='lat' dir='ltr'>Plautini.</span> <span class='ocrx_word' id='word_1_307' title='bbox 1806 3841 1863 3904; x_wconf 90' lang='lat'>8.</span> <span class='ocrx_word' id='word_1_308' title='bbox 1888 3874 1973 3891; x_wconf 90' lang='lat'>--</span> <span class='ocrx_word' id='word_1_309' title='bbox 1993 3840 2235 3902; x_wconf 86' lang='lat' dir='ltr'>Recusa</span> <span class='ocrx_word' id='word_1_310' title='bbox 2264 3859 2340 3903; x_wconf 84' lang='lat' dir='ltr'>ex</span> <span class='ocrx_word' id='word_1_311' title='bbox 2360 3840 2457 3903; x_wconf 90' lang='lat' dir='ltr'>ed.</span> <span class='ocrx_word' id='word_1_312' title='bbox 2482 3838 2674 3934; x_wconf 42' lang='lat'>1565..</span> 
     </span>
    </p>
   </div>
   <div class='ocr_carea' id='block_1_11' title="bbox 808 3919 2715 4007">
    <p class='ocr_par' dir='ltr' id='par_1_12' title="bbox 808 3919 2715 4007">
     <span class='ocr_line' id='line_1_48' title="bbox 808 3919 2715 4007; baseline -0.001 -22"><span class='ocrx_word' id='word_1_313' title='bbox 808 3940 966 4007; x_wconf 70' lang='lat'>¹570</span> <span class='ocrx_word' id='word_1_314' title='bbox 1041 3919 1284 3986; x_wconf 67' lang='lat' dir='ltr'>Lambini</span> <span class='ocrx_word' id='word_1_315' title='bbox 1319 3919 1378 3987; x_wconf 90' lang='lat'>11</span> <span class='ocrx_word' id='word_1_316' title='bbox 1413 3968 1430 3983; x_wconf 93' lang='lat'>.</span> <span class='ocrx_word' id='word_1_317' title='bbox 1469 3920 1552 3987; x_wconf 89' lang='lat' dir='ltr'>T.</span> <span class='ocrx_word' id='word_1_318' title='bbox 1586 3924 1857 3988; x_wconf 84' lang='lat' dir='ltr'>Lucretii</span> <span class='ocrx_word' id='word_1_319' title='bbox 1882 3922 2027 3988; x_wconf 88' lang='lat' dir='ltr'>Cari</span> <span class='ocrx_word' id='word_1_320' title='bbox 2052 3922 2129 3985; x_wconf 88' lang='lat' dir='ltr'>de</span> <span class='ocrx_word' id='word_1_321' title='bbox 2154 3939 2363 3985; x_wconf 85' lang='lat' dir='ltr'>rerum</span> <span class='ocrx_word' id='word_1_322' title='bbox 2392 3936 2611 3985; x_wconf 88' lang='lat' dir='ltr'>natura</span> <span class='ocrx_word' id='word_1_323' title='bbox 2638 3920 2715 3983; x_wconf 86' lang='lat'>11-</span> 
     </span>
    </p>
   </div>
  </div>
 </body>
</html>
