3117 5050
877 501 1041 556 xxn
1185 478 1426 554 NOT.
1473 475 1657 552 LIT.
1698 475 1826 550 DE
1868 475 1958 549 T.
2003 475 2513 550 LUCRETIO.

961 663 1295 758 POETA-2⁵
1331 700 1538 780 Quos
1573 683 2033 756 Lucan-trus
2062 699 2465 753 mrrArth
2500 699 2716 753 reurr.

972 819 1220 889 Poetae
1247 817 1559 890 imitatus
1592 841 1733 888 esse
1759 810 2128 888 Lucretius
2154 815 2572 912 cumprimis
2596 817 2797 888 vide-

873 945 993 1000 tur
1011 979 1033 1017 ,
1071 955 1110 999 e
1137 928 1414 1018 Graecis
1449 929 1857 998 Homerum
1883 942 1955 997 et
1983 927 2499 1022 Empedoclem
2523 977 2546 1014 ‚
2594 951 2635 998 e
2663 927 2798 996 La-

871 1038 1036 1110 tinis
1062 1036 1757 1128 Ennium.·Lucretii
1783 1035 2061 1134 vestigia
2090 1031 2241 1108 nori
2269 1036 2795 1134 puduit‘legere

873 1147 1255 1245 Virgilium
1291 1145 1366 1217 in
1395 1147 1789 1244 Georgicis:
1838 1163 2080 1240 neque
2120 1171 2398 1241 semper
2426 1172 2593 1216 eum
2622 1147 2805 1219 vicit.

870 1276 998 1329 aut
1044 1275 1206 1352 post
1246 1285 1318 1330 se
1355 1259 1689 1351 reliquit,
1738 1274 1819 1330 ut
1868 1256 2133 1330 iudicat
2175 1256 2577 1330 Alexander
2613 1259 2790 1330 Ros-

867 1393 1061 1438 saeus
1081 1420 1103 1454 ‚
1133 1371 1259 1462 qui
1285 1370 1440 1440 loca
1471 1367 1778 1439 Lucretii
1808 1369 2159 1440 nonnulla
2184 1392 2353 1438 curn
2386 1367 2786 1466 virgilianis

867 1476 1181 1549 contulit
1211 1474 1395 1548 libro
1420 1476 1632 1548 tertio
1670 1473 1943 1576 Virgilii
1981 1473 2483 1569 triumphantis
2505 1527 2528 1562 ‚
2558 1479 2793 1570 capite

866 1599 976 1657 vl.
1007 1585 1533 1656 Obscuritatem
1576 1585 1655 1658 in
1690 1585 2025 1658 Lucretio
2069 1587 2531 1680 reprehendit
2572 1587 2792 1656 Pana-

861 1695 1156 1766 vicinus.
1186 1697 1362 1768 Non
1392 1721 1573 1788 opus
1594 1714 1694 1768 est
1720 1722 2015 1769 monere
2042 1695 2388 1784 eruditos,
2413 1715 2789 1769 commen·-

863 1806 1096 1878 titiam
1133 1831 1274 1876 esse
1300 1805 1835 1908 inscfiptioriem
1859 1808 2316 1878 Caesenatem
2335 1856 2358 1895 ‚
2389 1807 2679 1878 obviam
2708 1809 2780 1878 in

863 1914 1033 1986 Aldi
1081 1914 1387 1985 Manutii
1435 1913 1963 2014 Orthographia
2006 1943 2164 2015 pag.
2222 1941 2375 2010 129.
2428 1934 2501 2021 et
2550 1918 2781 1988 Fulvii

861 2021 1092 2093 Ursini
1140 2023 1609 2122 imaginibus»,
1658 2042 1880 2119 atque
1935 2027 2134 2120 apud
2178 2025 2565 2098 Gruterum
2624 2051 2778 2122 pag.

864 2149 1304 2202 ccccxxxn.
1337 2155 1400 2204 Ω.
1444 2134 1954 2227 laudatamque
1980 2161 2019 2206 a
2066 2135 2490 2206 Mabillonio
2515 2134 2778 2204 itineris

859 2237 1080 2309 Italici
1109 2263 1263 2338 pag.
1293 2261 1404 2328 42.
1432 2256 1505 2310 et
1529 2237 1892 2312 Bernardo
1914 2243 2293 2314 Manzonio
2334 2245 2409 2314 in
2441 2243 2795 2315 Chrono-·‘

857 2345 1046 2442 logia
1088 2345 1432 2418 Caesen-ae
1456 2371 1613 2446 pag.
1656 2345 1811 2422 126.
1850 2350 2066 2421 Tom.
2090 2351 2218 2422 IX.
2256 2352 2599 2422 Thesauri
2633 2351 2775 2422 Ita·

857 2455 991 2525 liae
1024 2474 1224 2550 parte
1260 2477 1431 2531 vul.
1474 2461 1550 2529 A.
1587 2459 1879 2567 pacratii
1901 2459 2224 2533 Historici
2250 2487 2327 2533 ac
2348 2461 2583 2535 Poi’tae
2607 2461 2774 2533 Con·

743 2568 748 2573 ’
859 2566 1086 2635 dicaris
1119 2569 1472 2643 verissimi.
1524 2571 1630 2639 cui
1656 2570 1731 2639 ob
1773 2572 2218 2643 excellentiam
2266 2574 2511 2664 ingenii
2546 2588 2771 2642 statua

857 2676 1249 2754 condonata,
1273 2703 1350 2749 ac
1377 2678 1654 2751 Civitati
1680 2677 2029 2755 Caesenae.
2054 2682 2325 2753 Roman.
2348 2683 2641 2761 Coloniae
2658 2682 2767 2753 de-

859 2787 1092 2857 ductae
1115 2793 1179 2857 in
1216 2789 1332 2859 hoc
1357 2814 1541 2859 sacro
1574 2808 1787 2861 monte
1822 2789 2139 2862 dedicata.

953 2891 1311 2967 Claudant
1333 2920 1652 2991 praesens
1680 2896 1772 2967 de
1797 2898 2131 2971 Lucretio
2163 2915 2379 2997 caput
2418 2898 2493 2970 hi
2534 2922 2767 2973 versus

853 3000 1294 3076 Marullianiz
1416 3071 1421 3075 .
2312 3044 2317 3055 ·

1041 3116 1240 3189 Amor
1278 3116 1346 3187 T
1339 3119 1575 3193 ihulle,
1609 3118 1795 3190 Mars
1826 3119 1942 3189 tibi
1965 3118 2151 3189 Maro
2178 3118 2393 3193 debet,

1248 3226 1548 3298 Terentio
1582 3252 1801 3299 soccus
1837 3230 2009 3301 levis.

1041 3328 1411 3404 Cothurnus
1443 3335 1594 3404 olim
1625 3338 1869 3407 nemini
1898 3339 2062 3415 satis
2088 3336 2401 3407 multum.

1232 3440 1512 3513 Horatio
1549 3449 1759 3516 satira
1794 3463 1856 3514 et
1892 3444 2123 3538 chelys.

1042 3542 1310 3617 Natura
1345 3554 1573 3643 magni
1604 3550 1885 3621 versibus
1911 3550 2206 3619 Lucretii

1233 3654 1478 3755 Lepore.
1501 3683 1713 3728 museo
1746 3659 1957 3729 illitis.
