3117 5050
893 398 1009 462 ιω
1302 391 1860 465 maranum
1911 389 2336 454 NATURA
2394 376 2397 381 ’
2480 405 2544 450 v.
2591 355 2726 452 152.

819 558 823 563 ·
888 533 1139 602 Tactile
1170 533 1268 599 nil
1305 531 1492 595 nobis
1517 530 1699 610 quod
1727 526 1835 608 sit,
1879 525 2264 612 contingere
2289 527 2506 592 debet.

890 646 1194 729 Tangere
1214 638 1392 702 enim
1409 656 1552 703 non
1576 632 1753 716 quit,
1780 633 1840 698 si
1859 631 2042 719 tangi
2061 652 2198 700 non
2226 630 2382 698 licet
2406 633 2658 717 ipsum,

888 736 1109 832 Quare
1128 743 1327 807 etiam
1348 744 1534 806 sedes
1557 759 1824 821 quoque
1844 739 2084 804 nostris
2105 737 2371 803 aedibus
2392 760 2532 805 esse

886 846 1250 912 Dissimiles
1272 847 1541 927 debent,
1565 852 1839 925 tenues,
1874 846 1955 905 de
1981 863 2258 927 corpore
2287 863 2542 909 eorum.

888 958 1073 1040 Quae
1102 952 1219 1014 tibi
1254 950 1577 1034 posttrius
1601 953 1792 1036 largo
1824 968 2130 1015 sermone
2157 951 2484 1034 probabo.

972 1054 1203 1120 Dicere
1230 1075 1460 1137 porr0,
1491 1054 1846 1118 hominum
1868 1073 2064 1117 causa
2082 1054 2370 1120 voluisse
2392 1074 2627 1139 parare

888 1159 1297 1221 Praeclaram
1330 1155 1566 1252 mundi
1592 1166 1899 1221 naturam
1914 1202 1935 1236 ,
1955 1165 2436 1242 proptereaque

890 1260 1308 1326 Allaudabile
1335 1281 1504 1343 opus
1533 1261 1781 1327 Divom
1805 1265 2086 1329 laudare
2107 1267 2368 1343 decere,

888 1371 1378 1448 Aeternumque
1408 1378 1642 1451 putare
1667 1379 1866 1450 atque
1892 1368 2268 1434 immortale
2300 1369 2633 1450 futurum,

891 1477 1027 1540 Nee
1052 1475 1150 1539 fas
1169 1495 1303 1538 esse
1317 1519 1337 1555 ,
1368 1472 1586 1539 Deum
1613 1477 1796 1557 quod
1821 1475 1909 1541 sit
1930 1477 2468 1543 rationevetusta

894 1581 1213 1650 Gentibus
1233 1581 1543 1661 humanis
1568 1583 1918 1648 fundatum
1945 1595 2267 1667 perpetuo
2288 1605 2493 1667 aevo,

894 1685 1267 1750 Sollicitare
1284 1685 1419 1750 suis
1440 1687 1579 1752 ulla
1599 1686 1668 1748 vi
1696 1707 1777 1751 ex
1795 1688 2061 1751 sedibus
2083 1708 2382 1768 unquam
2397 1732 2436 1775 ,ι

894 1794 952 1855 N
960 1813 1032 1854 ec
1051 1791 1271 1867 verbis
1290 1811 1564 1873 vexare,
1586 1800 1652 1854 et
1680 1793 1766 1855 ab
1793 1792 1933 1856 imo
1954 1803 2253 1859 evertere
2271 1811 2533 1858 summa
2550 1811 2571 1854 ε

898 1901 1128 1961 Cetera
1147 1899 1230 1962 de
1251 1919 1494 1985 genere
1513 1900 1643 1963 hoc
1661 1897 2032 1987 adfingere,
2057 1909 2122 1963 et
2142 1900 2385 1964 addere
2400 1945 2419 1980 ‚
2443 1897 2754 1982 Memmi,

805 2022 833 2049 ·
898 2002 1212 2086 Desipere
1232 2015 1355 2067 est:
1391 2003 1552 2085 quid
1571 2004 1751 2072 enim
1774 2003 2257 2069 immortalibus
2275 2015 2469 2084 atque
2485 2003 2697 2066 beatis

898 2107 1127 2170 Gratia
1147 2115 1369 2171 nostra
1397 2117 1596 2189 queat
1611 2107 1922 2193 largirier
1949 2083 2412 2189 emolumenti,
2695 2107 2812 2184 167

790 2253 794 2258 -
899 2219 988 2279 Ut
1007 2225 1228 2280 nostra
1254 2216 1621 2298 quidquam
1652 2236 2107 2305 causa‘gerere
2130 2214 2640 2305 aQredianturP

900 2319 1162 2406 Quidve
1179 2321 1341 2384 novi
1361 2323 1579 2403 potuit
1601 2333 1783 2389 tanto
1813 2333 2142 2406 post.ante
2176 2323 2438 2405 quietos·

900 2425 1207 2507 Inlicere,
1240 2437 1313 2489 ut
1342 2440 1657 2512 cuperent
1686 2430 1896 2495 vitam
1919 2440 2177 2492 mutare
2201 2428 2490 2512 priorem
2507 2427 2540 2489 1·

903 2533 1071 2596 Nam
1094 2535 1385 2618 gaudere
1402 2535 1593 2600 novis
1625 2537 1821 2599 rebus
1842 2537 2082 2598 debere
2106 2532 2405 2615 videtur,

904 2636 1087 2720 Quoi
1120 2647 1375 2704 veteres
1404 2642 1673 2719 obsun13
1705 2641 1853 2720 sed,
1880 2638 2042 2719 quoi
2077 2636 2174 2703 nil
2200 2636 2442 2702 accidit
2464 2636 2649 2724 aegri

905 2742 1235 2826 Tempore
1254 2742 1327 2806 in
1352 2754 1684 2826 anteacto,
1702 2764 1907 2824 quom
1935 2743 2211 2825 pulchre
2239 2743 2506 2827 degeret
2523 2757 2756 2802 aevom
2774 2782 2796 2820 ,

908 2849 1087 2933 Quid
1105 2851 1322 2932 potuit
1340 2852 1650 2916 novitatis
1667 2871 1963 2916 amorem
1989 2851 2346 2915 accendere
2367 2848 2485 2910 tali
2501 2848 2530 2908 Ρ
2576 2892 2581 2895 -

907 2961 1009 3020 An
1024 3003 1045 3039 ,
1068 2960 1297 3040 credo,
1317 2956 1696 3022 intenebris
1713 2959 1851 3022 vita
1871 2979 1951 3021 ac
1978 2970 2274 3022 moerore
2301 2954 2593 3036 iacebat,

905 3063 1135 3125 Donec
1157 3061 1398 3128 diluxit
1414 3082 1642 3125 rerum
1669 3040 1980 3155 genitalis
2005 3061 2196 3150 origo
2212 3062 2243 3123 ἲ
2273 3118 2277 3122 .

910 3163 1173 3247 Quidve
1193 3164 1355 3230 mali
1382 3165 1598 3230 fuerat
1620 3165 1812 3230 nobis
1842 3187 1981 3230 non
2010 3183 2150 3233 esse
2173 3162 2445 3229 creatis?

910 3270 1113 3334 Natus
1138 3269 1318 3335 enim
1334 3272 1562 3353 debet,
1585 3271 1965 3353 quicunque
1989 3280 2085 3333 est
2095 3268 2125 3351 ‚⁹
2138 3269 2309 3333 velle
2330 3285 2600 3330 manere

912 3376 990 3437 In
1008 3376 1144 3439 vita
1160 3421 1180 3457 ,
1208 3378 1419 3441 donec
1444 3376 1754 3442 retinebit
1778 3375 2026 3439 blanda
2050 3376 2389 3455 voluptas:

916 3480 1047 3564 Qui
1074 3484 1418 3566 nunquam
1437 3466 1609 3545 vero‘
1620 3480 1794 3545 vitae
1815 3478 2109 3567 gustavit
2125 3496 2454 3559 amorem,

920 3582 1050 3645 Nec
1071 3581 1193 3645 fuit
1214 3583 1287 3650 in
1306 3606 1619 3668 numero,
1648 3573 1812 3668 quid
1831 3587 2016 3650 obest
2043 3603 2179 3647 non
2199 3602 2335 3647 esse
2356 3579 2692 3646 creatum?

995 3686 1388 3767 Exemplum
1417 3712 1622 3774 porro
1652 3688 2011 3777 gignundis
2041 3691 2266 3768 rebus»,
2298 3675 2529 3770 etipsa

920 3788 1191 3855 Notities
1216 3792 1570 3860 hominum
1596 3788 1717 3862 Dis
1740 3798 1919 3910 unde
1939 3806 2035 3861 est
2061 3795 2255 3863 insita
2273 3794 2568 3879 primum
2575 3836 2600 3874 2
