3117 5050
779 450 895 513 2²4
1188 426 1323 489 DE
1374 420 1746 486 RERUM
1799 417 2222 481 NATURA
2370 438 2438 482 v·
2479 421 2616 483 358.

773 568 1158 639 concutitur
1178 564 1346 632 coeli
1366 564 1602 625 domus
1619 558 1947 639 undique,
1963 566 2232 637 totaque
2255 558 2483 637 tellus3

774 684 883 763 Et,
898 698 1101 765 quom
1124 684 1419 757 tempora
1434 690 1507 734 se
1524 665 1698 740 veris
1722 663 2020 727 florentia
2045 667 2380 749 pandunt.

771 788 1045 873 Frigore
1066 781 1247 847 enim
1264 782 1499 843 desunt
1518 774 1706 863 ignes
1717 818 1738 854 ‚
1755 770 2072 853 ventique
2097 774 2319 835 calore

772 890 1139 969 Deficiunt,
1160 904 1373 965 neque
1400 888 1553 947 sunt
1575 887 1710 942 tam
1731 879 1938 941 denso
1964 896 2244 961 corpore
2272 880 2507 944 nubes.

773 998 952 1057 Inter
969 1001 1276 1069 utrasque
1300 984 1505 1071 igitur
1520 1003 1724 1065 quom
1745 982 1914 1046 coeli
1939 988 2235 1064 tempora
2251 992 2587 1068 constant,

772 1098 947 1161 Tum
964 1093 1183 1158 variae
1202 1109 1433 1152 causae
1453 1094 1857 1151 concurrunt
1883 1081 2184 1148 fulminis
2205 1102 2454 1149 omnes.

775 1206 945 1265 Nam
969 1200 1169 1263 fretus
1184 1196 1326 1278 ipse
1355 1190 1517 1257 anni
1537 1188 1886 1277 permiscet
1913 1188 2125 1275 frigus
2143 1198 2208 1253 et
2231 1200 2522 1263 aestumz

776 1311 1079 1395 Quorum
1101 1296 1640 1383 utrumqueopus
1659 1305 1754 1359 est
1774 1293 2158 1359 fabricanda
2181 1296 2266 1357 ad
2293 1295 2578 1359 fulmina

2115 1399 2307 1469 nobis
2321 1448 2345 1486 ,

776 1518 865 1579 Ut
882 1509 1207 1577 discordia
1227 1506 1311 1573 sit
1332 1524 1585 1586 rerum,
1607 1522 1983 1593 magnoque
2007 1506 2296 1572 tumultu

775 1618 1050 1709 Ignibus
1068 1626 1132 1677 et
1152 1609 1361 1676 ventis
1382 1607 1778 1673 furibundus
1803 1608 2076 1681 fluctuet
2095 1612 2232 1668 ae‘r.

778 1719 1001 1783 Prima
1021 1713 1257 1780 caloris
1278 1712 1457 1775 enim
1474 1730 1657 1793 pars,
1675 1720 1736 1772 et
1757 1718 2091 1793 postrema
2109 1707 2350 1797 rig-oris
2362 1755 2385 1792 ,

778 1828 1067 1908 'Fempus
1086 1820 1158 1885 id
1176 1830 1271 1884 est
1287 1836 1568 1883 vernum
1587 1838 1604 1880 ε
1623 1834 1827 1897 quare
1843 1834 2144 1902 pugnare
2164 1835 2428 1879 neeesse
2453 1824 2550 1881 est

779 1913 1161 1997 Dissimileis
1180 1925 1352 1989 inter
1368 1944 1537 2006 sese,
1556 1926 1952 2003 turbareque
1974 1922 2230 1987 mixtas.

781 2040 863 2101 Et
884 2038 1065 2101 calor
1084 2044 1409 2097 extremus
1432 2028 1644 2113 primo
1666 2044 1818 2093 cum
1839 2026 2086 2115 frigore
2108 2026 2351 2091 mixtus

782 2140 1118 2220 Volvitur,
1138 2134 1479 2199 auctumni
1496 2134 1676 2215 quod
1693 2133 1900 2195 fertur
1922 2130 2195 2210 nomine
2219 2142 2496 2213 tempus.
2577 2134 2696 2213 372

785 2249 915 2313 Hie
933 2267 1195 2329 quoque
1215 2242 1580 2327 confligunt
1597 2240 1847 2311 hiemes
1869 2241 2222 2313 aestatibus
2243 2241 2444 2305 acres.

786 2358 1137 2438 Propterea
1158 2362 1311 2415 sunt
1329 2353 1493 2413 haec
1514 2330 1700 2411 bella'
1718 2345 1878 2409 anni
1903 2345 2397 2423 nominitanda3

787 2464 923 2526 Nec
946 2458 1189 2524 mirum
1210 2467 1332 2540 est,
1350 2456 1423 2519 in
1444 2474 1525 2519 eo
1542 2454 1603 2519 si
1623 2463 1918 2538 tempore
1947 2452 2240 2539 plurima
2265 2448 2436 2511 fiunt

751 2621 760 2628 .
786 2567 1124 2650 Fulmina,
1147 2573 1626 2650 tempestasque
1647 2559 1856 2624 cietur
1879 2559 2142 2622 turbida
2163 2557 2382 2638 coele,

788 2677 1080 2763 Ancipiti
1097 2675 1413 2759 'quoniam
1435 2672 1615 2735 bello
1634 2671 1934 2732 turbatur
1954 2666 2296 2746 utrinque,
2415 2713 2426 2722 .

789 2786 968 2851 Hinc
987 2783 1265 2848 flammis
1280 2829 1299 2862 ,
1319 2779 1507 2846 illinc
1524 2773 1762 2857 ventis,
1785 2771 2197 2854 humoreque
2214 2768 2442 2842 mixto.

874 2895 1019 2956 Hoc
1040 2901 1133 2952 est
1148 2885 1410 2975 igniferi
1430 2895 1732 2946 naturam
1752 2877 2052 2942 fulminis
2065 2877 2293 2962 ipsam

793 2995 1195 3080 Perspicere,
1213 3001 1277 3053 et
1294 3007 1425 3070 qua
1446 2986 1517 3050 vi
1542 2985 1735 3048 faciat
1757 3004 1898 3046 rem
1918 2999 2284 3064 quamque,
2303 2977 2562 3046 videre:
2633 3042 2645 3064 Ι

795 3105 941 3164 Non
956 3147 975 3182 ‚
991 3099 1337 3181 Tyrrhena
1356 3102 1533 3156 retro
1552 3091 1930 3153 volventem
1951 3085 2243 3150 carmina
2264 3083 2504 3148 frustra

760 3207 763 3211 ’
792 3201 1047 3266 Indicia
1066 3199 1359 3262 occultae
1375 3195 1615 3259 Divom
1634 3189 2018 3276 perquirere
2037 3187 2277 3267 menti,

796 3312 987 3372 Unde
1008 3309 1237 3370 volans
1253 3301 1425 3392 ignis
1445 3297 1846 3384 pervenerit,
1868 3294 2074 3358 autin
2095 3304 2312 3355 utram
2331 3311 2403 3354 se

757 3454 763 3461 -
796 3408 1086 3474 Vorterit
1104 3407 1215 3470 hic
1230 3416 1485 3489 partem
1500 3449 1519 3486 ‚
1540 3422 1675 3485 quo
1698 3411 1889 3486 paeto
1909 3417 2030 3481 per
2051 3398 2200 3458 loca
2209 3405 2434 3476 saepta

673 3516 683 3526 “
796 3512 1182 3594 Insinuarit,
1202 3524 1267 3576 et
1286 3511 1445 3574 hinc
1464 3509 1840 3574 dominatus
1865 3514 1938 3568 ut
1957 3501 2258 3566 efxtulerit
2281 3521 2385 3578 se;

801 3615 1060 3702 Quidve
1083 3637 1321 3680 nocere
1338 3624 1536 3694 queat
1552 3616 1638 3678 de
1655 3614 1842 3678 coelo
1861 3607 2160 3674 fulminis
2176 3607 2364 3670 ictus.

882 3722 1079 3804 Quod
1096 3722 1161 3817 si
1174 3723 1421 3804 Iupiter
1435 3732 1636 3802 atque
1653 3720 1772 3784 alii
1793 3715 2114 3805 fulgentia
2131 3713 2290 3777 Divi

801 3826 1118 3898 Terrifioo
1136 3830 1441 3909 quatiunt
1457 3831 1675 3896 sonitu
1696 3828 2000 3896 coelestia
2025 3825 2299 3909 templa,
