3117 5050
820 406 1277 516 'LI'BER
1356 455 1487 518 vl.
1566 475 1632 517 v.
1684 461 1820 528 περ.
2157 483 2267 532 221

362 575 696 678 Sic-igitur
723 609 955 674 supera
985 579 1281 654 nostrum
1312 600 1510 674 caput
1536 612 1674 681 esse
1695 598 2063 677 putandum
2093 613 2186 668 est

359 695 835 777 Tempestatem
858 697 1091 758 altam:
1114 715 1331 775 neque
1357 694 1535 758 enim
1563 697 1845 784 caligine
1871 685 2052 768 tenta

361 797 734 863 obruerent
761 810 993 882 terras,
1016 799 1145 865 nisi
1170 798 1586 865 inaedificata
1605 821 1892 886 superne

356 905 568 966 Multa
588 905 801 970 forent
821 906 1043 972 multis
1064 915 1323 970 exemto
1348 905 1583 969 nubila
1607 908 1777 970 sole:

352 1011 414 1071 N
416 1031 489 1072 ec
518 1021 696 1090 tanto
723 1024 986 1096 possent
1007 1012 1341 1076 venientes
1358 1009 1736 1093 opprimere
1764 1009 1994 1096 imbri,

350 1109 656 1209 Flumina
684 1120 1023 1180 abundare
1045 1126 1121 1180 ut
1141 1117 1461 1203 facerent,
1493 1118 1892 1198 camposque
1918 1129 2179 1207 natare,

270 1233 275 1240 ’
348 1219 576 1284 Sinon
598 1222 941 1286 exstructis
960 1223 1129 1286 foret
1148 1224 1277 1286 alte
1302 1221 1592 1285 nubibus
1613 1223 1860 1288 aether.
2029 1235 2034 1241 '

430 1328 559 1392 Hic
581 1326 782 1414 igitur
812 1329 1023 1392 ventis
1044 1338 1241 1410 atque
1266 1328 1533 1416 ignibus
1563 1329 1790 1392 omnia
1809 1330 2010 1411 plena

345 1434 541 1495 Sunt:
566 1431 719 1494 ideo
742 1432 985 1515 passim
1010 1433 1309 1498 fremitus
1334 1442 1399 1498 et
1422 1434 1690 1519 fulg-ura
1709 1433 1899 1499 fiunt.

347 1535 613 1620 Quippe
634 1537 875 1608 etenim
895 1556 1096 1619 supra
1120 1536 1345 1619 docui,
1364 1531 1694 1620 permulta
1710 1538 1976 1622 vaporis

343 1637 607 1702 Semina
632 1642 876 1702 habere
902 1659 1093 1704 cavas
1115 1639 1378 1718 nubeis;
1406 1648 1469 1705 et
1492 1643 1704 1704 multa
1729 1663 1992 1708 necesse
2013 1648 2110 1708 est

344 1745 707 1828 Concipere
730 1767 814 1810 ex
842 1748 1000 1812 solis
1023 1745 1257 1830 radiis,
1286 1750 1655 1830 ardoreque
1676 1767 1930 1812 eorum.

338 1849 504 1931 Hic,
528 1849 647 1913 ubi
666 1861 939 1932 ventus„
958 1871 1067 1916 eas
1089 1851 1270 1916 idem
1296 1852 1413 1934 qui
1438 1853 1616 1940 cogit
1644 1854 1717 1915 in
1737 1874 1952 1918 unum

339 1955 534 2017 Forte
550 1958 768 2020 locum
799 1957 1098 2039 quemvis
1111 2003 1131 2039 ,
1158 1956 1470 2040 expressit
1490 1959 1698 2018 multa
1719 1958 1986 2040 vaporis

336 2060 631 2144 Semina,
658 2083 859 2144 seque
874 2063 1074 2128 simul
1098 2082 1250 2125 cum
1276 2081 1357 2124 eo
1382 2061 1796 2126 commiscuit
1812 2063 1992 2150 igni3

333 2163 707 2229 Insinuatus
734 2167 829 2230 ibi
856 2177 1085 2231 vortex
1111 2177 1413 2232 vorsatur
1439 2167 1509 2230 in
1532 2169 1702 2248 alte,
2068 2252 2076 2258 ·
2124 2189 2240 2252 277

334 2269 415 2330 Et
437 2268 669 2332 calidis
691 2271 865 2334 acuit
884 2272 1139 2336 fulmen
1157 2271 1535 2336 fornacibus
1556 2271 1757 2356 intus·

331 2373 497 2436 Nam
520 2374 771 2458 duplici
790 2377 1045 2442 ratione
1072 2378 1491 2444 accenditur.
1512 2377 1657 2462 ipse
1681 2397 1801 2442 sua
1827 2398 1982 2442 cum

330 2475 699 2545 Mobilitate
730 2482 1016 2567 calescit,
1042 2491 1105 2549 et
1130 2501 1168 2545 e
1192 2481 1622 2570 contagibus
1599 2481 1795 2569 ignis.

329 2561 502 2645 Inde
516 2584 632 2648 ubi
649 2588 972 2668 percaluit
995 2588 1097 2653 vis
1117 2586 1327 2667 venti,
1348 2586 1455 2648 vel
1478 2585 1701 2671 gravis
1720 2585 1898 2671 ignis

328 2678 653 2773 Impetus
632 2690 923 2769 incessit3
953 2701 1285 2753 maturum
1310 2697 1449 2751 tum
1473 2687 1663 2769 quasi
1683 2689 1938 2751 fulmen

327 2789 687 2853 Perscindit
704 2792 920 2855 subito
938 2792 1183 2853 nubem
1200 2835 1219 2873 ,
1237 2791 1580 2869 ferturque
1592 2835 1612 2871 ,
1631 2787 1916 2851 coruscis

329 2892 574 2955 Omnia
596 2894 961 2959 luminibus
984 2896 1266 2959 lustrans
1294 2895 1441 2957 loca
1455 2939 1475 2975 ‚
1492 2893 1782 2978 percitus
1804 2895 2035 2957 ardore

325 2996 539 3077 Quem
558 2998 779 3080 gravis
798 2997 1165 3077 insequitur
1182 2996 1461 3080 sonitus,
1488 2998 1776 3082 displosa
1805 3009 2075 3082 repente

324 3095 716 3180 opprimere
736 3108 808 3161 ut
829 3100 998 3163 coeli
1013 3100 1364 3163 videantur
1387 3102 1632 3181 templa
1649 3120 1953 3183 superne.

320 3204 485 3266 Inde
505 3212 751 3267 tremor
768 3214 972 3269 terras
990 3206 1280 3292 graviter
1297 3216 1648 3288 pertentat,
1676 3215 1739 3267 et
1763 3206 1974 3267 altum

318 3308 664 3393 Murmura⁸
680 3318 1075 3389 percurrunt
1092 3311 1380 3386 coelum3
1409 3327 1564 3371 nam
1588 3318 1721 3370 tota
1744 3306 2050 3391 feretum

317 3414 693 3496 Tempestas
706 3434 1015 3479 concussa
1036 3413 1282 3497 tremit,
1306 3415 1734 3497 fremitusque
1751 3423 2100 3495 moventur
2118 3433 2138 3474 ε

316 3522 468 3604 Quo
490 3522 571 3583 de
592 3541 906 3585 concussu
929 3522 1224 3611 sequitur
1240 3521 1460 3609 gravis
1478 3521 1694 3585 imber
1716 3532 1780 3584 et
1802 3522 1968 3582 uber
1983 3564 2002 3603 ,

318 3623 555 3687 Omnis
573 3624 671 3711 uti
692 3624 995 3689 videatur
1010 3627 1087 3689 in
1108 3625 1389 3689 imbrem
1410 3626 1656 3688 vortier
1675 3625 1930 3705 aether,

315 3730 527 3811 Atque
544 3730 637 3793 ita
655 3732 1091 3815 praecipitans
1111 3736 1198 3795 ad
1216 3732 1535 3795 diluviem
1567 3750 1906 3794 revocare:
1929 3715 1964 3789 ',

254 3875 258 3883 ·
313 3834 594 3920 Tantus,
618 3836 891 3917 discidio
910 3836 1107 3902 nubis
1120 3882 1143 3921 ,
1162 3836 1472 3919 ventique
1498 3825 1790 3921 procella
1793 3881 1822 3921 ,
