3117 5050
810 478 1213 540 LIBER
1265 430 1425 543 'VL
1507 437 1827 556 1545ss
2089 500 2232 565 ‚227

330 623 675 707 Asperiora
684 621 707 701 ’ς
734 623 945 685 modis
973 640 1143 702 quae
1164 619 1854 710 possint-indupedita*

332 725 625 812 Exiguis,
664 737 882 788 tamen
905 725 1079 788 inter
1094 745 1164 788 se
1186 744 1555 808 compressa
1581 727 1808 790 teneri.

328 830 511 892 Haec
539 829 1095 911 faciuntprim'um
1120 847 1355 911 parvas
1388 829 1738 904 consistere
1769 833 2031 913 nubeis3

328 935 493 1032 Inde
514 955 591 998 ea
614 939 1097 1018 comprendunt
1121 935 1295 998 inter
1312 955 1411 1018 se,
1441 957 1696 1017 conque
1722 949 2118 1030 gregantur,

328 1041 411 1102 Et
428 1039 887 1127 coniungendo
908 1048 1237 1122 crescunt,
1264 1039 1608 1121 ventisque
1635 1041 1936 1106 feruntur

327 1147 549 1226 Usque
566 1149 765 1226 adeo,
767 1148 995 1206 donec
1020 1152 1363 1226 tempestas
1388 1161 1580 1206 saeva
1603 1155 1824 1207 coorta
1845 1154 1963 1210 est.

405 1251 507 1311 Fit
528 1268 827 1330 quoque,
852 1247 952 1308 uti
980 1247 1219 1313 montis
1237 1245 1457 1308 vicina
1482 1245 1824 1309 cacumina
1848 1251 2034 1313 coelo
2131 1270 2138 1273 ’

326 1351 543 1434 Quam
562 1349 691 1412 sint
714 1347 999 1427 quoique
1022 1347 1257 1432 magis,
1287 1357 1466 1410 tanto
1485 1349 1694 1434 magis
1719 1350 1894 1416 edita
1915 1353 2172 1453 fument

322 1453 595 1516 Assidue
620 1453 839 1514 fulvae
860 1449 1055 1514 nubis
1072 1450 1366 1536 ealigine
1384 1467 1626 1516 crassa·
1610 1497 1628 1531 ,

324 1559 673 1638 Propterea
686 1601 705 1638 ,
726 1555 915 1638 quia,
936 1575 1137 1636 quom
1156 1556 1517 1622 consistunt
1538 1557 1767 1620 nubila
1787 1559 2078 1641 primum
2094 1605 2114 1642 ‚

264 1656 269 1663 ’
324 1663 493 1724 Ante
511 1661 735 1724 videre
763 1659 943 1722 oculi
960 1679 1160 1740 quam
1182 1661 1429 1743 possint
1448 1662 1704 1743 tenuia,
1729 1665 1912 1726 venti

322 1769 663 1830 Portantes
682 1773 929 1852 cogunt
948 1768 1033 1828 ad
1050 1787 1307 1828 summa
1335 1766 1677 1830 cacumina
1701 1769 1964 1835 montis.

320 1862 451 1933 Hic
467 1872 734 1932 demum
754 1867 859 1950 fit,
886 1869 985 1930 uti
1001 1856 1026 1950 ,ἰ
1045 1873 1235 1932 turha
1258 1871 1503 1932 maiore
1537 1884 1790 1954 coorta,

322 1973 403 2034 Et
422 1974 751 2036 condensa
770 1982 965 2052 atque
986 1953 1497 2058 arta'apparerQ
1527 1986 1594 2038 et
1616 1976 1814 2062 simul
1837 1977 1982 2062 ipso

321 2077 588 2143 Vortice
607 2080 691 2140 de
715 2078 957 2142 montis
977 2079 1328 2144 videantur
1344 2102 1612 2166 surgere
1630 2082 1705 2146 in
1731 2065 2048 2148 aethram.
2065 2119 2073 2128 ·
2107 2091 2224 2174 4⁶2

321 2187 489 2246 Nam
512 2186 659 2246 loo?-
680 2187 967 2248 declarat
993 2208 1252 2251 sursum
1272 2197 1541 2252 ventosa
1569 2199 1794 2271 patere
1899 2245 1904 2248 ,

320 2291 449 2354 Res
470 2289 647 2372 ipsa,
670 2301 733 2354 et
750 2282 1003 2374 sermm,
1028 2295 1305 2358 monteis
1336 2313 1540 2376 quom
1563 2296 1974 2361 ascendimus
1999 2296 2186 2364 'altos-

402 2395 773 2476 Praeterea,
800 2399 1127 2477 permulta
1146 2396 1315 2459 mari
1344 2417 1610 2478 quoque
1633 2399 1862 2462 tollere
1893 2409 2030 2464 toto
2071 2422 2074 2427 ·

320 2495 615 2577 Corpora
634 2505 965 2579 naturam,
1000 2499 1333 2563 declarant
1350 2499 1542 2563 litore
1564 2509 1771 2564 vestes

321 2602 711 2682 Suspensae,
734 2622 937 2681 quom
956 2601 1339 2683 concipiunt
1358 2603 1658 2665 humoris
1685 2604 2066 2664 adhaesum.

315 2701 519 2790 Quod
547 2708 756 2795 magis
777 2708 875 2768 ad‘
898 2706 1133 2769 nuheis
1159 2708 1493 2788 augendas
1524 2706 1734 2765 multa
1759 2704 2066 2771 videntur

230 2830 239 2837 ·
321 2814 513 2875 Posse
532 2833 795 2893 quoque
816 2832 853 2873 e
878 2812 1049 2874 salso
1076 2829 1467 2895 consurgere
1498 2807 1789 2871 momine
1812 2808 2042 2889 ponti-1

320 2918 467 2978 Non
485 2917 655 2979 ratio
680 2916 1165 3001 consanguinea
1192 2925 1286 2977 est
1301 2902 1694 2977 humoribus
1707 2937 1710 2943 ¹
1725 2913 1964 2975 omnis.

401 3023 771 3101 Praeterea,
798 3021 1014 3083 fluviis
1038 3040 1121 3083 ex
1145 3020 1483 3100 omnibus,
1512 3030 1579 3081 et
1602 3018 1800 3082 simul
1816 3018 1961 3101 ipsa

320 3124 603 3210 Surgere
624 3126 705 3187 de
727 3133 895 3185 terra
914 3126 1214 3205 nebulas,
1244 3119 1648 3205 aestumque,
1672 3123 2002 3199 videmus3
2088 3165 2098 3183 .

322 3231 538 3314 Quae,
550 3226 1013 3307 veluthalitus,
1026 3225 1183 3287 hinc
1201 3226 1293 3289 ita
1312 3248 1570 3289 sursum
1587 3246 1886 3308 expressa
1901 3228 2224 3310 feruntur,
2253 3236 2258 3243 '

319 3327 849 3410 Suffunduntque
867 3350 986 3396 sua
1005 3332 1265 3393 coelum
1284 3330 1601 3415 caligine,
1625 3343 1687 3393 et
1711 3334 1874 3395 altas

320 3436 667 3501 Sufficiunt
682 3440 914 3503 nubeis
932 3428 1278 3522 paullatim
1305 3441 1788 3504 conveniundO.

321 3546 521 3630 Urget
542 3544 719 3606 enim
740 3564 1003 3624 quoque
1020 3541 1321 3628 signiferi
1338 3563 1537 3626 super
1562 3542 1844 3607 aetheris
1863 3548 2103 3628 aestus,
2213 3586 2221 3595 -

240 3655 243 3659 ’
320 3655 426 3734 Et,
444 3651 634 3732 quasi
664 3653 1035 3731 densend05
1058 3650 1344 3713 subtexit
1370 3652 1630 3712 caerula
1664 3645 1928 3712 nimbis-
1995 3697 1998 3703 .
2149 3712 2157 3721 ,

400 3758 501 3821 Fit
522 3776 811 3841 quoque,
850 3768 925 3819 ut
940 3757 1121 3819 hunc
1150 3755 1421 3833 veniant
1444 3755 1521 3817 in'
1542 3764 1802 3817 coetum
1827 3748 2140 3825 mrim
2169 3773 2191 3807 ··
2241 3762 2248 3769 ”

1486 3860 1743 3925 cusolli
1930 3858 2170 3920 ,ηυξ
