3117 5050
890 479 1007 548 226
1281 479 1447 538 DE
1468 477 1844 540 RERUM
1900 479 2331 542 NATURA
2467 499 2530 542 v.
2575 499 2732 558 421.-

880 616 1159 696 Altaque
1184 634 1303 677 cur
1329 614 1721 694 plerumque
1749 613 1913 700 petit
1935 617 2114 695 loca3
2140 618 2430 701 plurima
2451 642 2586 701 quo
2611 624 2766 704 plus

880 713 1257 781 Montibus
1236 733 1309 776 m
1338 713 1612 778 summis
1637 701 1912 801 vestigia
1933 718 2268 784 cernimus
2293 720 2514 808 ignis?

956 822 1154 908 Quod
1179 829 1495 904 superest,
1524 819 1719 886 facile
1743 831 1944 886 estex
1961 823 2064 886 bis
2091 844 2486 912 cognoscere
2511 833 2744 914 rebus,

867 927 1200 1013 Πρηστῖμις
1224 927 1409 991 Graii
1432 948 1598 1009 quos
1615 932 1703 992 ab
1727 951 1802 992 re
1823 931 2338 1015 nominitarunt,
2457 953 2460 958 ·

870 1037 951 1098 In
972 1050 1155 1095 mare
1175 1052 1306 1113 qua
1324 1031 1511 1096 missi
1533 1031 1804 1100 veniant
1827 1034 2080 1097 ratione
2099 1048 2408 1118 'superne-

869 1139 1036 1202 Nam
1060 1133 1168 1218 fit,
1192 1146 1267 1198 ut
1286 1134 1653 1217 interdum,
1685 1144 2002 1216 tanquam
2029 1137 2310 1202 demissa
2341 1140 2648 1214 columna
2663 1186 2686 1222 ,

867 1247 948 1308 In
970 1263 1153 1307 mare
1176 1244 1258 1305 de
1282 1235 1471 1306 coelo
1495 1242 1926 1320 descendant3
1947 1263 2147 1324 quam
2167 1244 2334 1306 freta
2367 1244 2615 1308 circum

866 1355 1284 1433 Fet-vescum,
1314 1347 1603 1438 graviter
1621 1347 2024 1432 spirantibus
2049 1347 2252 1413 incita
2282 1343 2536 1417 flabris:

864 1459 972 1541 Et,
1002 1475 1435 1540 quaecunque
1450 1454 1524 1517 in
1552 1473 1633 1517 eo
1669 1465 1808 1516 tum
1833 1464 1987 1518 sunt
2012 1457 2330 1537 deprensa
2353 1455 2668 1537 tumultu,

862 1556 1141 1644 Navigia
1164 1555 1239 1620 in
1260 1573 1596 1618 summum
1619 1551 1893 1617 veniunt
1911 1565 2145 1618 vexata
2169 1553 2514 1636 periclum.

860 1667 1007 1728 Hoc
1026 1663 1130 1745 fit,
1156 1661 1276 1725 ubi
1290 1661 1626 1736 interdum
1649 1679 1788 1724 non
1807 1659 1950 1742 quit
1969 1660 2067 1724 vis
2085 1659 2290 1724 incita
2307 1661 2492 1726 venti
2583 1739 2586 1744 .

792 1778 797 1788 '
858 1773 1226 1856 Rumpere,
1257 1787 1456 1851 quum
1482 1769 1686 1854 cepit,
1713 1773 1992 1848 nubem3
2011 1774 2127 1836 sed
2147 1770 2486 1855 deprimit,
2515 1781 2588 1836 ut
2601 1771 2685 1838 sit

857 1879 937 1940 In
970 1897 1153 1938 mare
1172 1879 1255 1940 de
1279 1876 1465 1938 coelo
1494 1884 1810 1956 tanquam
1833 1869 2120 1940 demissa
2141 1879 2450 1940 columna

856 1982 1232 2059 Paullatim
1261 1978 1447 2062 quasi
1464 1979 1624 2062 quid
1647 1999 1876 2066 pugno
1908 1980 2292 2061 brachiique
2309 2001 2596 2064 superne

856 2083 1169 2153 coniectu
1197 2089 1529 2164 trudatur,
1552 2096 1618 2150 et
1636 2088 2026 2149 extendatur
2044 2087 2124 2150 in·
2146 2090 2390 2152 undas:
2641 2077 2762 2164 435

854 2195 1075 2276 Quam
1097 2211 1299 2273 quom
1322 2189 1612 2271 discidit,
1633 2189 1789 2254 hinc
1807 2191 2263 2274 prorumpitur
2282 2191 2359 2256 in
2381 2212 2562 2258 mane
2579 2193 2762 2257 venti

852 2297 1001 2381 viz,
1030 2307 1093 2361 et
1116 2297 1446 2364 fervorem
1475 2294 1722 2359 mirum
1744 2279 2093 2359 concinnat
2114 2296 2184 2359 in
2205 2297 2420 2364 undis.

852 2399 1325 2465 versabundus
1342 2395 1523 2460 enim
1546 2398 1740 2460 turbo
1768 2397 2098 2461 descendit
2116 2442 2135 2477 ,
2161 2406 2224 2458 et
2246 2396 2436 2460 illam

851 2501 1131 2568 Deducit
1150 2500 1397 2584 pariter
1414 2500 1596 2565 lento
1622 2519 1774 2564 cum
1800 2517 2072 2581 corpore
2096 2500 2371 2561 nubem:

850 2610 1067 2693 Quam
1096 2604 1391 2671 simulac
1408 2602 1754 2691 gravidam
1773 2602 2058 2667 detrudit
2077 2604 2163 2663 ad
2182 2618 2476 2682 aequora
2491 2600 2714 2684 ponti,

846 2710 1063 2775 mein
1090 2696 1331 2792 a‘quam
1350 2708 1571 2773 subito
1603 2719 1814 2773 totum
1835 2730 1906 2773 se
1935 2707 2260 2791 immittit,
2285 2717 2358 2771 et
2378 2728 2581 2773 omne

846 2811 1099 2879 Excitat
1116 2811 1369 2897 ingenti
1384 2810 1600 2874 sonitu
1621 2829 1833 2891 mare,
1859 2811 2118 2874 fervere
2136 2830 2393 2897 cogens·

926 2916 1027 2978 Fit
1051 2934 1314 2995 quoque
1328 2958 1349 2995 ,
1378 2923 1453 2975 ut
1472 2913 1770 2975 involvat
1785 2912 1969 2975 venti
1993 2933 2062 2981 se
2081 2910 2368 2975 nubibus
2389 2912 2528 2996 ipse

845 3019 1120 3100 vortex,
1160 3015 1525 3081 conradens
1550 3034 1632 3077 ex
1657 3018 1812 3077 a‘ere
1829 3014 2098 3101 semina·
2116 3012 2342 3095 nubis,

716 3136 727 3149 “
843 3128 923 3189 Et
946 3124 1134 3206 quasi
1160 3123 1510 3190 demissum
1538 3123 1724 3186 coelo
1761 3134 2050 3203 prestera
2075 3120 2390 3205 imitetur,

840 3222 1001 3309 Hic,
1020 3221 1153 3291 ‘ubi
1184 3247 1253 3290 se
1268 3220 1345 3289 in
1360 3237 1564 3290 terras
1581 3224 1874 3289 demissit
1901 3224 2357 3305 dissolvitque,

840 3327 1147 3393 Turbinis
1164 3327 1523 3415 immanem
1545 3327 1684 3389 vim
1711 3325 2074 3409 provomit,
2103 3336 2297 3407 atque
2324 3328 2659 3411 procellat.

839 3436 996 3511 Sed,
1017 3436 1173 3515 quia
1192 3435 1266 3498 fit
1295 3456 1445 3499 raro
1466 3434 1776 3519 omuino,
1807 3432 2214 3513 monteisque
2243 3443 2622 3521 necesseXest

840 3532 1119 3599 Officere
1137 3538 1213 3601 in
1243 3538 1457 3619 terris,
1482 3546 1756 3620 apparet
1777 3535 2070 3597 crebrius
2093 3532 2272 3599 idem

835 3641 1184 3720 Prospectu
1210 3644 1411 3707 maris
1433 3643 1507 3705 in
1538 3659 1820 3727 mag-110,
1851 3639 2164 3719 coeloque
2187 3637 2460 3722 patenti.

914 3744 1154 3831 Nubila
1178 3758 1637 3831 concrescunt,
1657 3746 1774 3810 ubi
1799 3764 2078 3829 corpora
2104 3746 2314 3810 multa
2332 3746 2647 3837 volandO,

831 3826 979 3915 Hoc
998 3868 1197 3931 super
1213 3850 1289 3913 in
1314 3854 1485 3917 coeli
1504 3853 1750 3936 spatio,
1777 3851 1992 3915 coiere
2009 3860 2280 3934 repente
