3117 5050
926 437 1338 502 LIBER
1414 435 1794 501 V1.v.8.
1908 454 1912 458 ·
2182 441 2297 500 213

382 584 758 674 Dilvolgata
789 592 979 646 vetus
1010 581 1143 644 iam
1179 581 1265 642 ad
1296 579 1553 644 coelum
1582 577 1794 665 gloria
1825 577 2050 642 fertur.

461 693 632 752 Nam
650 735 670 771 ,
694 707 893 768 quom
920 684 1087 748 vidit
1110 683 1249 762 hic,
1279 685 1366 746 ad
1384 678 1627 746 victum
1652 703 1822 764 quae
1838 685 2086 770 flagitat
2103 706 2288 771 usus,

383 792 676 858 Omnia
654 813 789 855 tam
819 791 1025 853 ferme
1050 789 1439 852 mortalibus
1460 807 1600 850 esse
1622 798 1884 871 parata,

378 899 458 960 Et
488 918 609 982 per
632 915 805 978 quae
837 904 1100 977 possent
1126 891 1330 954 vitam
1360 889 1711 954 consistere
1739 899 1981 953 tutam·
1963 935 1986 968 ,

375 1000 641 1067 Divitiis
665 999 995 1077 homines,
1027 1007 1093 1058 et
1116 999 1372 1057 honore
1403 1004 1468 1056 et
1498 995 1701 1056 laude
1721 995 2081 1078 potenteis,

374 1107 683 1189 Affluere,
708 1113 904 1183 atque
928 1105 1105 1162 hona
1128 1109 1437 1160 natorum
1468 1099 1787 1160 extollere
1812 1100 2024 1179 fama3

373 1215 509 1274 Nec
528 1209 748 1272 minus
770 1225 908 1268 esse
942 1203 1135 1278 domi
1148 1203 1509 1284 quoiquam
1534 1213 1758 1265 tamen
1780 1203 1980 1264 anxia
2003 1204 2219 1287 cordi,

373 1320 588 1393 Atque
612 1306 822 1371 animi
846 1305 1121 1392 ingratis
1146 1305 1348 1390 vitam
1374 1289 1616 1368 vexare
1641 1305 1959 1387 querelis3

367 1422 677 1494 Causam,
704 1431 874 1493 quae
894 1409 1142 1475 infestis
1164 1410 1341 1496 cogit
1368 1410 1624 1475 saevire
1655 1411 1970 1495 querelis,

370 1521 701 1608 Intellegit
727 1520 851 1597 ibi3
876 1519 1113 1583 vitium
1140 1540 1254 1583 vas
1278 1517 1537 1583 efficere
1569 1518 1820 1604 ipsum,

373 1623 746 1704 Omniaque
770 1622 949 1686 illius
972 1621 1131 1685 vitio
1157 1620 1570 1705 corrumpier
1601 1623 1808 1705 intus,

372 1731 560 1813 Quae
592 1746 718 1790 con
746 1709 920 1790 laeta
945 1726 1106 1790 foris
1120 1773 1139 1807 ,
1166 1738 1231 1790 et
1257 1729 1634 1809 commoda,
1663 1748 1924 1809 cunque
1941 1726 2271 1792 venirent:

367 1830 615 1893 Partim
628 1876 647 1909 ‚
676 1832 858 1912 quod
880 1831 1132 1892 fluxum
1152 1838 1623 1912 pertusumque
1641 1848 1778 1891 esse
1802 1827 2102 1912 videbat,

366 1938 459 1998 Ut
488 1937 674 1999 nulla
702 1945 919 2019 posset
949 1933 1201 1998 ratione
1232 1931 1559 2016 explerier
1585 1952 1920 2012 unquam3

364 2040 611 2104 Partim
625 2088 645 2124 ,
665 2044 846 2122 quod
869 2051 1075 2104 taetro
1098 2038 1287 2121 quasi
1316 2057 1754 2121 conspurcare
1775 2057 2008 2122 sapore

360 2129 612 2208 'Omnia
642 2149 979 2228 cernebat,
1001 2164 1431 2227 quaecunque
1460 2155 1796 2226 receperat
1827 2142 2026 2206 intus.
2201 2147 2280 2207 23

362 2247 693 2312 veridicis·
709 2248 912 2334 igitur
930 2249 1240 2334 purgavit
1267 2259 1533 2332 pectora
1552 2249 1772 2331 dictis,

360 2357 443 2416 Et
464 2353 673 2418 fin'em
704 2355 927 2418 statuit
962 2355 1329 2438 torpedinis
1358 2356 1555 2436 atque
1590 2355 1880 2433 timoris3

360 2457 835 2541 Exposuitque,
854 2460 1106 2519 bonum
1126 2477 1459 2520 summum
1478 2503 1497 2541 ,
1518 2476 1653 2539 quo
1675 2458 2006 2520 tendimus
2019 2477 2273 2541 omues,

362 2563 543 2650 Quid
558 2565 750 2649 foret,
779 2573 974 2643 atquc
994 2564 1171 2625 viam
1192 2566 1583 2627 monstravit
1605 2565 1865 2626 tramite
1885 2584 2131 2647 parve,-

359 2674 508 2756 Qua
531 2666 868 2755 possemus
885 2672 973 2731 ad
991 2670 1062 2730 id
1085 2679 1263 2731 recto
1294 2669 1688 2731 contendere
1718 2690 1911 2731 cursu
1930 2690 1950 2731 ι

358 2775 621 2859 Quidve
656 2773 817 2836 mali
850 2772 1019 2834 foret
1043 2771 1116 2832 in
1150 2772 1347 2859 rebus
1380 2770 1756 2833 mortalihu’
1774 2771 2046 2857 passim,

358 2881 558 2965 Quod
587 2882 817 2941 flueret
844 2874 1169 2958 naturali,
1204 2876 1517 2956 varieque
1548 2878 1831 2960 volaret,

357 2987 483 3047 Seu
512 3001 696 3061 casu,
719 3002 831 3045 seu
854 2981 955 3061 vi,
982 2982 1165 3060 quod
1188 2978 1283 3043 sic
1310 2982 1557 3041 Natura
1585 2989 1901 3061 parasset3

353 3090 435 3150 Et
465 3086 703 3168 quibus
724 3103 761 3148 e
790 3087 997 3169 portis
1024 3083 1283 3149 occurri
1314 3082 1603 3164 quoique
1632 3087 1927 3147 deceret:

354 3190 435 3250 Et
464 3206 671 3274 genus
708 3190 1075 3248 humanum
1105 3186 1347 3247 frustra
1384 3186 1774 3267 plerumque
1806 3183 2114 3267 probavit

352 3294 639 3357 volvere
668 3310 975 3360 curarum
1012 3287 1249 3351 tristeis
1278 3288 1347 3350 in
1374 3300 1640 3371 pectore
1667 3292 1923 3355 fluctus.
1951 3334 1957 3341 .

351 3398 547 3477 Nam,
570 3392 778 3457 veluti
800 3392 991 3476 pueri
1024 3387 1389 3475 trepidant,
1422 3405 1620 3474 atque
1653 3394 1882 3458 omnia
1911 3394 2122 3461 caecis

163 3467 169 3474 .
278 3530 296 3549 ο
349 3500 431 3561 In
451 3498 733 3564 tenebris
754 3506 1087 3578 metuunt,
1122 3496 1357 3561 sicnos
1381 3498 1453 3559 in
1478 3499 1631 3563 lucc
1656 3499 1963 3563 timemus

282 3630 289 3635 ·
346 3606 724 3688 Interdum,
752 3605 963 3669 nihilo
990 3626 1160 3686 quae
1178 3616 1331 3669 sunt
1348 3608 1703 3701 metuenda
1723 3608 1966 3694 magis,
1991 3626 2195 3691 quam

348 3715 536 3796 Quae
573 3714 765 3795 pueri
792 3712 865 3775 in
888 3713 1175 3779 tenebris
1200 3712 1531 3797 pavitant,
1549 3714 1959 3802 finguntque
1969 3718 2214 3781 futura.
2233 3752 2246 3767 ·

342 3816 541 3910 Hune
559 3814 763 3903 igitur
779 3826 1097 3881 terrorem
1117 3816 1357 3901 animi,
1368 3821 1838 3901 tenebrasque,
1861 3821 2124 3889 necesse
2141 3828 2240 3884 est
2355 3858 2360 3865 ·
