3117 5050
944 470 1059 534 162
1314 459 1502 530 'DE
1556 461 1941 528 RERUM
2006 459 2440 526 NATURA

1066 595 1281 666 thorum
1292 607 1741 662 considerationem
1765 623 1830 662 eo
1849 625 1944 660 nos
1961 608 2146 661 ducere
2163 641 2180 670 ‚
2195 621 2256 660 ut
2275 607 2405 661 hanc
2433 621 2726 679 compagem
2749 605 2859 663 'nec

1063 702 1128 754 ab
1144 712 1353 752 aeterno
1375 695 1634 750 'exstitisse
1651 733 1667 759 ‚
1685 712 1780 750 nec
1800 695 1913 750 fore
1938 697 2322 764 sempiternitati,
2341 709 2676 766 putemusfv.
2699 715 2792 766 395
2815 725 2856 740 -·
2889 707 2896 715 ·

1060 787 1186 852 416.
1200 784 1433 852 Sequitur
1450 765 1780 853 cosmo-goma
1793 783 2028 852 Epicuri,
2048 802 2105 836 v.
2122 800 2381 854 417·43²·
2405 785 2676 838 secundum
2695 803 2852 854 quam

1058 879 1214 948 pocta
1242 876 1306 930 de
1335 890 1454 928 ortu
1480 876 1792 946 singularum
1817 877 1986 930 mundi
2015 876 2236 945 partium
2265 893 2330 928 ex
2363 876 2610 946 indigesta
2635 879 2851 946 quadam

1058 970 1195 1026 mole
1212 966 1531 1037 pronuntiat,
1554 967 1844 1036 eisdemque
1858 1006 1874 1033 ‚
1909 981 2064 1036 prout
2093 968 2348 1038 graviores
2371 968 2660 1022 levioresve
2686 982 2810 1022 sunt
2827 1008 2849 1035 ,

1056 1058 1203 1112 sedes
1220 1073 1339 1110 suas
1363 1068 1417 1109 et
1435 1057 1580 1108 locos
1599 1057 1831 1110 attribuit
1843 1094 1860 1120 ‚
1879 1075 1936 1111 v·
1955 1074 2056 1128 433
2074 1084 2104 1098 -
2121 1073 2237 1126 509.
2264 1059 2446 1113 deinde
2466 1061 2528 1113 de
2547 1059 2675 1112 coeli
2699 1059 2846 1114 sidc-

1055 1163 1267 1216 rumque
1281 1147 1505 1200 motibus
1520 1147 1644 1199 duas
1660 1145 1808 1200 affert
1819 1147 2086 1215 opiniones
2101 1185 2116 1212 ,
2133 1166 2192 1202 v·
2218 1164 2243 1213 5
2253 1165 2312 1201 ιο
2326 1176 2349 1190 -
2364 1165 2475 1218 534.
2500 1150 2652 1202 docet
2665 1165 2845 1218 porro,

1053 1247 1161 1310 'quo
1192 1239 1345 1290 modo
1364 1250 1527 1291 terrae
1558 1237 1710 1290 huius
1731 1253 1994 1311 compages
2012 1271 2027 1301 .
2057 1255 2172 1290 cum
2195 1255 2380 1307 corpus
2407 1255 2564 1308 grave
2589 1239 2846 1303 sit‚.nulli

1050 1327 1382 1380 fundamento
1401 1326 1872 1394 innixa,‘pendeat‚
1907 1346 1964 1400 V:
1987 1345 2080 1398 535
2104 1355 2130 1368 -·
2153 1329 2264 1394 564.
2285 1341 2391 1382 tum
2411 1331 2570 1386 solem
2597 1343 2650 1384 ct
2665 1333 2843 1402 lunam

1054 1419 1283 1481 metitur,
1308 1435 1466 1487 eaque
1496 1437 1591 1473 nec
1618 1419 1804 1472 maiora
1824 1438 1916 1474 nec
1948 1421 2140 1474 minora
2173 1439 2284 1476 csse
2300 1459 2316 1486 ,
2343 1440 2488 1491 quam
2509 1423 2658 1474 nobis
2679 1439 2841 1491 appa-

1054 1527 1224 1578 reant,
1244 1501 1433 1566 iudicat
1438 1550 1455 1576 .
1471 1531 1525 1565 v.
1549 1512 1610 1595 56
1616 1530 1640 1578 5
1660 1542 1682 1556 -
1695 1517 1808 1580 584.
1827 1514 1916 1568 sed
1935 1517 2105 1568 stellas
2119 1532 2418 1584 perparvum
2437 1516 2660 1584 quiddam
2682 1529 2844 1568 muta-

1052 1623 1111 1662 re
1126 1605 1290 1659 videri
1307 1607 1662 1660 lineamentum
1688 1610 1773 1661 vel
1793 1608 2162 1661 extremitatem
2180 1608 2234 1658 in
2253 1609 2540 1659 alterutram
2555 1620 2763 1674 partem,
2777 1623 2854 1662 v.·

1058 1699 1147 1761 585
1165 1725 1187 1738 -
1207 1711 1319 1763 591.
1340 1694 1487 1746 simul
1504 1693 1692 1747 refutat
1713 1711 1804 1748 eos
1818 1731 1832 1758 ,
1853 1695 1939 1763 qui
1961 1713 2026 1748 ex
2046 1695 2244 1746 tantulo
2267 1697 2380 1746 sole
2411 1705 2608 1746 tantum
2632 1696 2842 1747 illorum

1047 1788 1265 1840 calorem
1286 1787 1525 1838 etlumen
1538 1824 1554 1850 ‚
1574 1802 1663 1853 per
1684 1775 1977 1838 univets‘um
1993 1823 2010 1848 ,
2036 1803 2232 1853 quaqua
2251 1797 2393 1848 patet
2405 1820 2419 1846 ,
2452 1784 2655 1838 aethera
2675 1785 2840 1858 diffu-

1052 1895 1193 1940 sum,
1214 1893 1441 1930 emanare
1459 1875 1547 1928 vix
1567 1893 1720 1945 posse
1739 1887 2024 1939 autumant,
2048 1894 2102 1929 v.
2125 1891 2216 1944 592
2233 1903 2255 1917 -
2271 1876 2394 1928 612.
2417 1875 2634 1944 denique
2663 1877 2726 1929 de
2747 1893 2845 1928 so·

1051 1964 1117 2016 lis
1135 1981 1193 2016 ac
1211 1967 1361 2017 lunae
1378 1964 1798 2017 conversionibus
1810 2001 1825 2026 ,
1845 1979 1936 2016 seu
1955 1963 2014 2018 de
2039 1965 2262 2016 solstitio
2285 1964 2478 2018 aestivo
2499 1965 2837 2036 bienniique,

1049 2057 1338 2126 disputans,
1359 2055 1521 2110 varias
1551 2054 1820 2122 utriusque
1851 2070 2025 2107 causas
2057 2054 2216 2106 reddit
2231 2092 2245 2119 ,
2267 2071 2320 2106 v.
2345 2053 2440 2122 613
2461 2049 2620 2116 -648.
2651 2065 2706 2106 et
2727 2071 2844 2126 quq

1051 2145 1205 2196 modo
1232 2160 1339 2196 nox
1361 2141 1479 2208 fiat,
1509 2159 1565 2192 v.
1584 2140 1860 2210 649-654.
1886 2159 1988 2209 quo
2017 2143 2201 2205 modo,
2229 2158 2404 2194 aurora
2437 2142 2594 2194 solem
2623 2159 2835 2210 praecc-

1048 2233 1230 2295 dente,
1248 2231 1355 2284 dies
1377 2233 1600 2296 oriatur,
1625 2249 1681 2287 v.
1702 2232 1734 2284 6
1742 2247 1766 2296 5
1775 2247 1799 2296 5
1817 2259 1837 2273 ·
1851 2233 1971 2299 678.
2004 2250 2094 2286 cur
2118 2233 2233 2302 ‚dies
2259 2247 2312 2288 et
2343 2246 2524 2287 noctes
2535 2233 2753 2288 vicissim
2774 2253 2841 2291 se

1047 2328 1311 2386 superent,
1331 2332 1387 2368 v.
1404 2316 1502 2384 679
1522 2345 1547 2359 ·
1564 2333 1686 2382 702.
1710 2332 1800 2369 cur
1818 2319 1939 2370 luna
1957 2321 2158 2373 vultum
2177 2334 2230 2375 et
2247 2319 2455 2391 figuram
2472 2322 2650 2384 variet,
2663 2337 2719 2374 v.
2733 2339 2831 2392 703

1049 2435 1072 2450 .
1092 2422 1209 2476 749.
1237 2421 1329 2455 cur
1344 2406 1492 2457 solet
1512 2405 1634 2456 luna
1653 2403 1909 2484 defectum
1933 2407 2216 2475 patiantur,
2237 2425 2292 2458 v.
2308 2423 2569 2474 750-777.
2588 2407 2835 2479 adiungit.

1048 2493 1178 2550 Post
1209 2493 1333 2547 haec
1348 2531 1363 2557 ,
1400 2509 1429 2546 a
1464 2493 1611 2547 coelo
1643 2491 1944 2549 descendens
1962 2532 1977 2559 ‚
2007 2493 2268 2547 herbarum
2283 2531 2298 2556 ,
2331 2497 2566 2552 arborum
2579 2534 2597 2562 ,
2625 2496 2795 2551 avium
2813 2536 2831 2565 ‚

939 2649 951 2661 „
1050 2586 1315 2639 brutorum
1330 2623 1345 2650 ,
1365 2583 1626 2635 hominum
1656 2583 1875 2653 origines
1905 2600 1934 2635 a
1969 2596 2102 2637 terta
2133 2584 2318 2651 repetit
2335 2622 2351 2648 ,
2379 2601 2508 2653 quae
2543 2598 2732 2641 creatas
2749 2602 2832 2655 res

1052 2676 1339 2746 profuderit
1366 2675 1517 2740 olim,
1551 2692 1608 2726 v.
1628 2676 1728 2741 778
1748 2700 1779 2715 ·
1795 2676 1914 2745 823.
1943 2690 2078 2726 nunc
2111 2672 2301 2729 sterilis
2332 2675 2468 2729 facta
2489 2690 2542 2730 et
2561 2676 2742 2744 effeta,
2773 2697 2833 2733 v.

1050 2770 1184 2835 824·
1196 2770 1313 2836 834.
1330 2768 1427 2821 Sed
1443 2767 1583 2837 quod
1596 2766 1810 2819 fortuito
1829 2766 1932 2818 sint
1946 2760 2112 2817 omnia
2131 2765 2398 2828 namuco
2411 2766 2681 2835 putandum
2697 2782 2832 2832 esse,

1052 2857 1108 2912 in
1126 2855 1377 2926 principio
1401 2854 1694 2917 mundi‚a1ia
1713 2855 1946 2925 quaedam
1971 2854 2350 2907 innumerabilia
2373 2853 2596 2907 animalia
2610 2854 2830 2907 miranda

1056 2946 1227 3018 specie
1244 2958 1297 2999 ct
1316 2944 1655 3016 magnitudine
1687 2946 1977 3007 exstitisse,
2002 2944 2091 2997 sed
2122 2958 2407 3013 permanere
2435 2958 2537 2994 non
2561 2944 2794 3010 potuisse
2809 2982 2826 3008 ,

1052 3035 1242 3105 quippe
1264 3034 1363 3086 cibi
1382 3032 1612 3086 sumendi
1642 3033 1957 3103 cocundique
1982 3032 2214 3087 facultate
2245 3030 2493 3087 carentia:
2523 3047 2829 3103 quapropter

1046 3141 1283 3194 monstra
1298 3140 1352 3181 et
1372 3127 1553 3179 mutila
1573 3126 1810 3194 quaedam
1831 3139 1885 3179 et
1901 3126 2190 3194 imperfecta
2221 3125 2449 3180 animalia
2469 3127 2727 3189 conceditg
2743 3128 2827 3179 sed

1049 3218 1335 3273 Chimaeras
1346 3254 1364 3281 ,
1378 3216 1660 3277 Centauros
1675 3254 1692 3281 ,
1707 3215 1898 3286 Scyllas
1917 3216 2210 3285 reliquaque
2224 3218 2490 3286 poetarum
2509 3230 2747 3285 portenta
2765 3216 2844 3266 ri·-

1047 3308 1164 3371 det,
1186 3325 1242 3359 v.
1268 3308 1297 3361 8
1302 3320 1361 3375 35
1384 3330 1409 3346 ο
1432 3320 1557 3373 922.
1595 3302 1874 3356 Primorum
1905 3303 2161 3357 hominum
2195 3306 2332 3359 rudis
2362 3306 2502 3371 vita,
2518 3307 2648 3377 ⁸rude
2676 3306 2819 3376 inge-

1048 3397 1188 3449 nium
1202 3431 1218 3457 ,
1239 3412 1294 3462 v,
1316 3409 1413 3463 923
1434 3421 1457 3434 ·
1471 3406 1617 3454 1009.
1638 3392 1808 3459 paullo
1828 3404 1945 3458 post
1967 3392 2109 3444 initia
2135 3395 2388 3457 culturae,
2410 3390 2472 3447 v.'
2492 3406 2619 3445 1010
2633 3420 2660 3433 -
2675 3390 2816 3445 1026.

1022 3532 1027 3537 .
1049 3483 1392 3551 inventusque
1404 3496 1570 3531 sermo
1583 3516 1597 3539 ,
1621 3497 1675 3529 v.
1695 3494 1823 3541 1027
1838 3506 1856 3520 ·
1877 3483 2018 3543 1089.
2034 3482 2269 3543 Tandem,
2293 3494 2414 3549 post
2423 3483 2584 3551 ignem
2602 3480 2655 3531 in
2673 3493 2823 3533 terras

1051 3588 1080 3621 a
1092 3570 1300 3623 fulmine
1309 3570 1545 3628 delatum,
1558 3566 1822 3617 humanior
1831 3566 1941 3616 vita
1951 3578 2003 3618 et
2014 3566 2184 3619 victus
2202 3568 2416 3632 mollior,
2433 3588 2488 3621 v.
2511 3585 2636 3638 1090
2645 3597 2663 3611 ·
2678 3586 2698 3621 1
2711 3568 2821 3621 106.

1047 3660 1179 3713 facta
1204 3662 1467 3714 hominum
1499 3662 1752 3715 societas:
1787 3673 1929 3731 reges
1947 3660 2250 3713 constituti:
2277 3662 2381 3731 agri
2399 3660 2580 3715 divisi:
2606 3676 2726 3731 post
2740 3678 2820 3714 se·

1042 3748 1285 3801 ditionem
1304 3752 1516 3819 denique
1547 3750 1832 3819 respublica
1851 3763 1992 3815 otta,
2021 3768 2077 3803 v.
2108 3770 2127 3804 1
2144 3767 2238 3819 107
2257 3780 2286 3795 -
2303 3770 2323 3805 1
2337 3771 2356 3806 1
2369 3770 2453 3821 59.
2485 3753 2578 3804 His
2599 3752 2823 3803 decla-

1044 3840 1112 3893 tis
1124 3877 1142 3905 ,
1166 3840 1432 3893 Lucretius
1448 3844 1509 3895 de
1527 3843 1723 3913 origine
1736 3844 2008 3919 ‚religionis
2027 3847 2283 3915 disputat,
2303 3863 2452 3917 quam
2469 3857 2674 3917 naturae
2691 3843 2825 3897 divi·
