3117 5050
826 481 947 530 ,ω
1238 462 1369 524 DE
1424 413 1809 524 RERUOM
1859 451 2291 526 NATURA
2406 487 2475 528 v.
2521 470 2656 530 230.

817 608 899 669 Et
924 587 1255 690 liquidum
1276 602 1525 687 puncto
1548 602 1704 666 facit
1730 622 1838 666 aes
1865 601 2268 687 intempore
2297 612 2364 667 et
2387 625 2650 672 aurum.
2697 601 2704 608 ⁶

820 716 1022 776 Curat
1047 713 1203 774 item
1219 756 1238 792 ,
1268 708 1439 774 vasis
1465 708 1736 796 integris
1759 707 1917 772 vina
1941 721 2212 793 repente
2313 699 2315 702 Α

818 811 1230 901 Diffugiant3
1266 809 1424 891 quia
1452 811 1773 874 nimirum
1803 811 2000 875 facile
2022 812 2251 893 omnia
2279 811 2526 879 circum

816 920 1169 998 conlaxat,
1197 935 1475 996 rareque
1502 915 1660 978 facit
1681 915 2070 982 lateramina
2099 919 2272 1001 vasi,

812 1025 1186 1087 Adveniens
1218 1023 1399 1086 calor
1430 1023 1602 1098 eius3
1637 1033 1740 1106 ut,
1760 1023 2126 1088 insinuatus
2147 1025 2221 1088 in
2249 1025 2501 1110 ipsum,

810 1128 1147 1191 Mobiliter
1169 1129 1428 1192 solvens
1456 1124 1678 1192 differt
1706 1129 2070 1211 primordia
2097 1129 2270 1194 vini:

811 1235 1011 1317 Quod
1041 1232 1197 1296 solis
1232 1251 1443 1314 vapor
1474 1243 1752 1296 aetatem
1780 1253 1917 1295 non
1946 1255 2136 1317 posse
2165 1235 2427 1302 videtur

806 1334 1112 1418 Efficere,
1132 1355 1341 1417 usque
1362 1335 1529 1398 adeo
1563 1335 1806 1397 cellens
1835 1335 2096 1400 fervore
2127 1357 2398 1402 corusco
2417 1362 2437 1403 :
2499 1415 2506 1424 ‘

807 1445 1023 1508 Tanto
1048 1443 1363 1508 mobilior
1381 1440 1575 1508 vis-et
1609 1432 2066 1506 dominantior
2091 1445 2256 1506 haec
2284 1455 2401 1509 est.

886 1553 1113 1632 Nunc,
1140 1570 1219 1612 ea
1240 1568 1373 1630 quo
1403 1558 1596 1632 paeto
1632 1548 2021 1634 gignantur,
2043 1558 2108 1612 et
2134 1548 2374 1634 impete
2406 1559 2584 1616 tanto
2674 1619 2681 1632 ,

806 1651 1027 1735 Fiant,
1052 1663 1129 1716 ut
1145 1652 1393 1737 possint
1420 1654 1557 1715 ictu
1589 1651 1959 1716 discludere
1992 1651 2252 1735 turreis,

804 1758 1189 1822 Disturbare
1219 1761 1480 1840 domos,
1506 1759 1794 1820 avellere
1823 1740 2008 1844 tigna
2043 1759 2441 1843 trabeisque,

802 1865 884 1927 Et
920 1875 1348 1928 monumenta
1378 1855 1598 1927 virum
1631 1863 1938 1927 demoliri
1969 1873 2168 1947 atque
2199 1865 2393 1947 ciere,

802 1969 1194 2032 Exanimare
1220 1952 1521 2032 homines
1535 2014 1555 2050 ,
1593 1972 1880 2050 pecudes
1904 1979 2315 2052 prosternere
2336 1971 2610 2054 passirn3

803 2077 1033 2138 Cetera
1060 2077 1141 2138 de
1161 2095 1403 2160 genere
1426 2077 1556 2138 hoc
1586 2095 1720 2154 qua
1749 2075 1822 2138 vi
1843 2075 2057 2138 facere
2089 2076 2316 2139 omnia
2349 2078 2624 2160 possint,

800 2179 1187 2263 Expediam,
1213 2199 1427 2259 neque
1455 2189 1516 2240 te
1546 2179 1618 2240 in
1649 2177 1986 2260 promissis
2013 2180 2206 2262 plura
2239 2186 2564 2245 morabor.
2595 2165 2706 2258 245

879 2284 1185 2347 Fulmina
1218 2284 1478 2371 gignier
1506 2305 1543 2346 e
1572 2285 1832 2369 crassis,
1859 2288 2150 2368 alteque,
2181 2269 2551 2368 putandum
2573 2297 2668 2353 est

798 2390 1097 2453 Nubibus
1129 2391 1502 2455 exstructis:
1534 2412 1693 2456 nam
1715 2395 1899 2456 coelo
1921 2395 2107 2454 nulla
2131 2411 2361 2455 sereno
2377 2438 2397 2472 ,
2709 2376 2715 2383 ⁹

728 2542 736 2562 ‚
798 2499 932 2561 Nec
962 2496 1193 2561 leviter
1226 2497 1441 2563 densis
1466 2496 1820 2562 mittuntur
1849 2494 2135 2559 nubibus
2163 2513 2485 2575 unquam.

796 2606 964 2666 Nam
1002 2604 1205 2667 dubio
1237 2608 1470 2689 procul
1496 2606 1626 2667 hoe
1649 2602 1795 2667 fieri
1818 2598 2162 2665 manifesta
2185 2601 2374 2662 docet
2401 2624 2538 2683 res,

797 2707 996 2789 Quod
1018 2715 1173 2769 tunc
1193 2730 1313 2791 per
1336 2718 1544 2771 totum
1574 2714 2000 2771 concrescunt
2017 2710 2170 2767 aera
2187 2706 2394 2766 nubes

794 2808 1101 2890 Undique
1119 2856 1139 2892 ,
1161 2809 1259 2873 uti
1282 2814 1584 2885 tenebras
1611 2809 1864 2875 omneis
1888 2811 2258 2874 Acherunta
2279 2830 2542 2875 reamur

790 2910 1112 2993 Liquisse,
1141 2922 1206 2975 et
1224 2932 1497 2998 magnas
1522 2912 1691 2975 coeli
1721 2913 2081 2993 compl-esse
2099 2910 2441 2975 cavernas:

789 3018 1011 3098 Usque
1030 3019 1193 3080 adeo
1208 3064 1227 3099 ,
1250 3027 1449 3081 taetra
1470 3018 1852 3081 nimborum
1876 3028 2064 3082 nocte
2086 3028 2310 3082 coorta
2323 3064 2346 3099 ,

791 3119 1184 3201 Impendent
1208 3131 1385 3185 atrae
1407 3120 1805 3185 Formidinis
1823 3142 1939 3185 ora
1966 3142 2281 3206 superne,
2345 3132 2352 3137 ‘

795 3227 1017 3309 Quom-
1042 3227 1413 3290 commoliri
1442 3238 1787 3310 tempestas
1813 3228 2096 3293 fulmina
2115 3237 2388 3312 coeptat.

859 3334 1231 3415 Praeterea,
1246 3354 1556 3417 persaepe
1583 3334 1774 3421 niger
1788 3335 2051 3415 quoque
2071 3356 2192 3418 per
2211 3354 2393 3397 mare
2415 3333 2694 3457 nimbus,

788 3438 877 3497 Ut
896 3437 1061 3519 picis
1086 3461 1125 3502 e
1152 3440 1335 3503 coelo
1360 3440 1716 3506 demissum
1735 3442 2019 3524 flumen,
2040 3440 2113 3504 in
2143 3442 2354 3507 undas

789 3540 896 3603 Sic
916 3544 1118 3628 cadit,
1142 3556 1205 3609 et
1231 3547 1439 3611 fertur
1460 3548 1746 3613 tenebris
1765 3550 2032 3632 procul,
2060 3558 2125 3611 et
2143 3548 2343 3613 trahit
2361 3558 2572 3612 atram
2681 3543 2688 3552 '

787 3593 1195 3715 Fulminibus
1221 3651 1568 3737 gravidam
1591 3663 2070 3738 tempestatem,
2093 3664 2288 3735 atque
2308 3652 2682 3739 procellis,

783 3750 1091 3839 Ignibus,
1110 3774 1187 3817 ac
1207 3758 1451 3840 ventis,
1482 3758 1864 3842 cumprimis
1890 3760 2028 3844 ipse
2053 3760 2372 3845 repletus·

724 3844 863 3957 ss’ln
892 3874 1063 3929 terra
1084 3882 1347 3945 quoque
1372 3877 1447 3930 ut
1465 3872 1870 3953 horrescant,
1891 3888 1978 3941 nc
2003 3863 2170 3937 tecta
2191 3868 2550 3953 requirant.
