3117 5050
882 443 1010 514 LI
1048 453 1099 516 B
1136 451 1191 514 E
1226 449 1289 514 n
1368 451 1449 514 v.
1530 469 1595 511 v.
1645 453 1778 527 ιιι.
2133 457 2278 536 ‘169

366 595 549 678 Quid
568 593 1051 659 vellent-facere
1070 637 1087 671 ‚
1116 603 1193 656 ut
1212 590 1455 656 scirent
1468 636 1485 670 ,
1514 589 1874 671 animoque
1891 589 2192 658 viderent
2207 593 2238 655 ἰ’

270 747 279 754 .
355 704 605 789 ‘Quove
620 703 823 766 modo
840 711 937 763 est
950 705 1249 780 unquam
1266 697 1373 760 vis
1392 695 1659 782 cognita
1675 694 2160 779 principiorum
2173 741 2198 780 ‚

368 802 676 887 Quidque
700 803 885 867 intere
902 821 1043 866 sese
1065 809 1439 884 permutato
1456 799 1694 868 ordine
1713 808 2008 882 possent,

366 904 437 969 Si
458 926 592 971 non
617 906 763 990 ipsa
796 907 980 972 dedit
998 904 1331 990 specimen
1350 909 1597 972 Natura
1619 905 1888 971 creandi
1903 905 1934 968 ἰ’

364 1016 663 1096 Namque
687 1013 811 1095 ita,
836 1013 1279 1101 multimodis,
1314 1012 1547 1078 multis·
1564 1011 1930 1095 primordia
1951 1029 2178 1076 rerum

364 1122 754 1193 Eat-infinito
772 1121 907 1184 iam
941 1128 1241 1203 tempore
1262 1118 1515 1200 percita
1543 1117 1784 1208 plagis,

366 1227 911 1304 Ponderibusque
929 1221 1063 1288 suis
1086 1233 1485 1292 consuerunt
1518 1224 1774 1286 concita
1793 1222 1990 1300 ferri,

370 1329 923 1410 omnimodisque
944 1326 1121 1390 coire
1135 1373 1155 1407 ‚
1189 1321 1387 1408 atque
1414 1327 1643 1392 omnia
1667 1337 2069 1410 pertentare,

370 1435 821 1518 Quaecunque
847 1429 1023 1493 inter
1050 1451 1119 1494 se
1144 1430 1392 1512 possint
1414 1449 1760 1514 congressa
1783 1450 2044 1510 ereare3
2086 1417 2090 1422 ’

368 1539 460 1599 Ut
490 1554 625 1598 ιιοιι
647 1535 731 1598 sit
750 1533 1027 1614 mirum,
1054 1534 1111 1598 si
1135 1535 1209 1598 in
1240 1533 1423 1598 taleis
1452 1534 1882 1617 disposituras

367 1636 775 1700 Deciderunt
791 1655 1057 1718 quoque
1072 1681 1093 1717 ,
1124 1647 1191 1699 et
1207 1635 1281 1698 in
1304 1635 2028 1702 taleisvenere¹meatus
2042 1683 2062 1720 ,

370 1738 697 1824 Qualibus
714 1741 881 1802 haeo
892 1759 1116 1804 rerum
1136 1739 1389 1825 geritur
1421 1763 1600 1806 nune
1623 1761 1883 1806 summa
1901 1744 2234 1808 novando.
2286 1758 2296 1773 ³

450 1847 649 1930 Quod
665 1845 722 1910 si
738 1845 877 1910 iam
902 1868 1125 1910 rerum
1150 1847 1452 1934 ignorem
1481 1848 1846 1931 primordia
1867 1873 2040 1932 quae
2055 1853 2188 1915 sint
2201 1896 2224 1935 ,

367 1954 517 2014 Hoc
543 1961 761 2016 tamen
788 1975 872 2018 ex
896 1954 1057 2037 ipsis
1090 1954 1261 2022 eoeli
1288 1953 1654 2019 rationibus
1685 1957 1900 2021 ausim

369 2055 810 2141 Confirmata,
834 2058 1115 2141 aliisque
1134 2079 1215 2122 ex
1244 2059 1445 2122 rebus
1462 2061 1740 2123 reddere
1765 2061 2024 2148 multis,

368 2169 801 2247 Nequaquam
829 2165 1019 2248 nobis
1045 2164 1363 2230 divinitus
1392 2179 1529 2229 esse
1558 2174 1858 2249 paratam
2167 2187 2282 2250 ¹99

368 2271 685 2332 Naturam
711 2289 966 2332 rerum·
948 2309 969 2348 ‚
1002 2279 1178 2334 tanta
1202 2278 1329 2334 stat
1350 2271 1652 2354 praedita
1673 2272 1916 2354 eulpa»

310 2361 317 2368 ⁶
453 2373 816 2457 Principio,
842 2385 1163 2456 quantum
1194 2375 1367 2440 coeli
1394 2375 1555 2463 tegit
1579 2377 1862 2458 impetus
1891 2373 2164 2461 ingens,

366 2476 534 2540 Inde
558 2477 821 2547 avidam
852 2489 1107 2561 partem
1130 2490 1420 2565 montes,
1450 2482 1790 2563 silvaeque
1809 2481 2132 2562 ferarum,

370 2582 753 2666 Possedere,
774 2594 997 2649 tenent
1016 2608 1247 2669 rupes,
1283 2597 1636 2669 vastaeque
1657 2588 1962 2669 paludes,

372 2688 453 2749 Et
484 2708 698 2772 mare,
726 2694 909 2771 quod
936 2694 1071 2755 late
1094 2701 1419 2754 terrarum
1448 2692 1716 2754 distinet
1738 2709 1906 2752 oras.

369 2791 537 2856 Inde
566 2795 727 2859 duas
754 2814 957 2877 porro
987 2814 1197 2877 prope
1221 2796 1463 2878 parteis
1496 2793 1788 2857 fervidus
1814 2792 2048 2874 ardor,
2149 2868 2156 2877 .

372 2897 813 2981 Assiduusque
842 2899 979 2986 geli
1014 2918 1199 2965 casus
1212 2945 1231 2981 ‚
1269 2897 1662 2962 mortalibus
1695 2896 1930 2959 aufert.

377 3002 577 3084 Quod
600 3015 893 3084 superest
919 3005 1099 3086 arvi,
1130 3015 1350 3070 tamen
1372 3004 1446 3069 id
1468 3013 1706 3067 natura
1724 3022 1844 3068 sua
1861 3002 1932 3064 vi

375 3107 679 3172 Sentibus
700 3113 1015 3193 obducat,
1041 3112 1115 3175 ni
1140 3112 1241 3175 vis
1267 3114 1559 3176 humana
1581 3111 1837 3175 resistat
1845 3130 1910 3193 ‚aa

378 3214 559 3283 vitai·
586 3236 807 3299 causa,
834 3218 1059 3282 valido
1100 3229 1409 3282 consueta
1439 3217 1696 3306 bidenti

376 3323 753 3408 Ingemere,
784 3332 851 3385 et
878 3332 1133 3385 terram·
1122 3323 1383 3406 ·pressis
1414 3323 1835 3407 proscindere
1864 3321 2122 3384 aratris:

382 3431 453 3493 Si
472 3452 639 3512 non,
665 3432 979 3498 fecundas
1006 3441 1338 3498 vortentes
1362 3452 1631 3497 vomere
1607 3434 1906 3525 glebas,

380 3538 741 3620 Terrai’que
770 3543 987 3603 solum
1010 3540 1414 3627 subigentes,
1448 3541 1659 3605 cimus
1684 3540 1772 3603 ad
1795 3548 2007 3601 ortus·
1990 3582 2010 3616 ,

380 3644 627 3725 Sponte
654 3662 773 3708 sua
792 3654 1124 3725 nequeant
1150 3645 1437 3727 liquidas
1460 3646 1766 3710 exsistere
1783 3646 1856 3711 in
1887 3662 2096 3709 auras·

290 3794 311 3833 ⁸
382 3751 466 3813 Et
492 3762 709 3815 tamen
726 3799 745 3833 ,
771 3752 1107 3815 interdum
1129 3772 1375 3839 magno
1395 3752 1688 3834 quaesita
1707 3754 1936 3815 labore
1949 3795 1970 3834 ‚

382 3862 766 3947 Quom-iam
786 3882 914 3947 per
934 3871 1138 3930 terras
1160 3861 1471 3929 frondent
1494 3854 1694 3944 atque
1719 3862 1943 3927 omnia
1961 3864 2230 3937 floren13
