3117 5050
849 433 1255 534 LIBER
1334 435 1469 500 VI.
1549 457 1618 497 v.
1659 441 1796 500 326.
2015 496 2022 502 .
2142 447 2256 507 223

315 631 318 636 .
344 577 663 666 Conligit,
679 585 747 642 et
766 596 1082 663 magnum
1106 594 1429 638 conamen
1452 577 1654 655 sumit
1670 578 1891 644 eundi.

340 685 535 765 Inde,
557 683 672 746 ubi
691 701 827 746 non
850 680 1065 764 potuit
1081 682 1289 744 nubes
1309 700 1542 762 capere
1559 679 1821 763 impetis
1843 691 2134 768 auctum,

342 784 747 868 Exprimitur
761 782 893 861 vis3
916 792 1114 864 atque
1134 781 1282 874 ideo
1301 784 1482 846 volat
1500 782 1744 866 impete
1771 786 1974 870 mire,

290 893 298 902 '
340 897 430 956 'Ut
449 892 681 957 validis
700 911 869 974 quae
890 893 975 954 de
992 890 1333 955 tormentis
1353 891 1551 956 missa
1577 891 1900 957 feruntur.
1991 949 1996 952 .

418 999 641 1078 Adde,
656 997 836 1076 quod
856 992 894 1057 e'
913 993 1131 1076 parvis
1152 1003 1216 1055 et
1236 994 1493 1071 levibus
1510 1005 1606 1058 est
1622 997 1992 1078 elementi83

338 1101 398 1161 N
398 1121 472 1163 ec
490 1100 682 1164 facile
702 1108 796 1162 est
817 1096 935 1159 tali
954 1107 1226 1158 naturae
1247 1095 1557 1159 obsistere
1575 1098 1970 1180 quidquamz

336 1195 516 1268 Inter
533 1205 711 1270 enim
735 1201 935 1288 fugit,
952 1221 1029 1262 ac
1045 1210 1373 1294 penetrat,
1395 1221 1513 1282 per
1532 1221 1684 1264 rara
1700 1204 1982 1270 viarum.

336 1317 486 1378 Non
506 1315 711 1399 igitur
732 1309 959 1373 multis
979 1305 1335 1372 offensibus
1356 1308 1427 1370 in
1447 1313 1846 1372 remorando
1903 1339 1906 1344 ·

334 1417 654 1480 Haesitat:
674 1417 846 1476 hanc
864 1415 951 1475 ob
972 1433 1113 1478 rem
1136 1411 1333 1476 celeri
1346 1413 1528 1474 volat
1554 1410 1800 1495 impete
1823 1417 2072 1482 labens.
2112 1488 2116 1495 ,

413 1523 671 1584 Deinde
685 1565 704 1600 ,
723 1521 903 1609 quod
923 1516 1198 1581 omnino
1223 1526 1459 1580 natura
1473 1519 1770 1600 pondera
1791 1522 2098 1588 deorsum
2128 1531 2138 1538 ’

338 1625 582 1688 Omnia
602 1623 938 1686 nituntu'2r
960 1642 1163 1704 quom
1184 1623 1382 1707 plaga
1402 1621 1485 1685 sit
1508 1621 1731 1686 addita
1748 1646 1937 1704 vero,

251 1750 255 1756 ’
332 1715 668 1794 Mobilitas
686 1727 1092 1812 duplicatur,
1108 1737 1171 1790 et
1191 1726 1483 1829 impetus
1492 1725 1610 1790 ille
1629 1729 1986 1814 gravescit,

332 1837 421 1896 Ut
442 1832 892 1924 vehementius
916 1842 979 1895 et
1000 1827 1217 1913 eitius»,
1240 1853 1673 1914 quaecunque
1691 1846 2036 1900 morantur

333 1935 580 2021 Obvia,
600 1937 902 1999 discutiat
919 1932 1159 2023 plagis,
1178 1934 1505 2016 itinerque
1522 1946 1851 2016 sequatur.
2121 1948 2239 2027 339

398 1982 743 2129 venique,
758 2043 939 2121 quod
955 2042 1161 2125 longo
1178 2040 1361 2103 venit
1380 2038 1650 2124 impete,
1673 2062 1931 2110 sumere
1951 2046 2168 2111 debet
2248 2094 2284 2108 Ι.

243 2222 250 2238 .
330 2149 797 2232 Mobilitatem,
818 2147 1015 2212 etiam
1037 2158 1233 2229 atque
1252 2147 1449 2211 etiam
1471 2169 1642 2229 quae
1662 2150 1890 2214 crescit
1911 2156 2157 2237 eunde,

330 2257 411 2316 Et
424 2256 673 2320 validas
692 2265 889 2342 auget
904 2255 1131 2338 yireis,
1154 2265 1217 2317 et
1234 2256 1503 2320 roborat
1521 2255 1748 2319 ictum.

243 2388 251 2394 ’
328 2365 494 2452 Nam
520 2361 702 2444 facit,
724 2371 821 2443 ut,
842 2381 1011 2442 quae
1030 2361 1159 2426 sint
1182 2362 1362 2426 illius
1380 2363 1632 2428 semina
1645 2381 1957 2451 cunque,
1979 2407 2022 2448 7

327 2467 382 2529 E
401 2466 669 2553 regione
690 2467 911 2529 locum
929 2465 1117 2547 quasi
1132 2466 1206 2529 in
1230 2488 1439 2530 unum
1462 2482 1702 2533 cuncta
1718 2470 2044 2555 ferantur,

328 2571 573 2633 Omnia
593 2570 943 2634 coni-iciens
960 2571 1035 2633 in
1054 2592 1206 2633 eum
1227 2572 1562 2635 volventia
1585 2594 1871 2637 cursum.

405 2676 699 2740 Forsitan
719 2698 799 2739 ex
820 2676 965 2759 ipso
980 2676 1251 2739 veniens
1272 2678 1484 2739 trahat
1504 2682 1656 2739 ae’re
1675 2679 2001 2757 quaedam

328 2778 649 2867 Corpora,
663 2802 831 2865 quae
852 2780 1067 2868 plagis
1089 2781 1451 2843 incendunt
1475 2782 1933 2846 mobilitatem.
1991 2792 1994 2797 '

260 2962 267 2969 ³
406 2888 930 2967 Incolumeisque
942 2884 1123 2949 venit
1135 2907 1257 2979 per
1273 2906 1375 2948 res
1386 2930 1405 2967 ,
1426 2895 1624 2967 atque
1645 2884 1906 2972 integra
1923 2886 2152 2959 transit

326 2993 554 3054 Multa
547 2988 1011 3071 ,foraminibus
1033 2990 1322 3071 liquidus
1344 2990 1501 3071 quia
1526 2992 1763 3066 traviat
1777 2991 1980 3079 ignis.

256 3119 260 3123 ·
324 3096 663 3174 Multaque
681 3093 1023 3181 perfregit,
1042 3114 1247 3176 quom
1264 3113 1540 3176 corpora
1561 3094 1896 3159 fulminis'
1875 3115 2020 3180 ipsa

263 3184 268 3191 ⁴
328 3202 731 3286 Corporibus
750 3221 970 3263 rerum
992 3199 1373 3281 inciderint,
1395 3220 1539 3282 qua
1553 3208 1728 3262 texta
1751 3211 2071 3264 tenentur.

2010 1309 2040 1317 ‘-

403 3306 714 3371 Dissolvit
733 3326 933 3390 porro
950 3304 1144 3369 facile
1166 3326 1273 3369 aes
1286 3352 1305 3388 ,
1325 3326 1692 3385 aurumque
1718 3316 1989 3389 repente

325 3406 834 3484 confervefacit3
856 3428 895 3471 e
906 3406 1131 3489 parvis
1154 3406 1310 3487 quia
1330 3407 1500 3469 facta
1514 3407 1775 3473 m'inute

327 3516 728 3599 Corporibus
746 3515 843 3579 vis
862 3526 981 3597 est,
1001 3525 1065 3579 et
1084 3514 1379 3580 laevibus
1398 3538 1479 3579 ex
1496 3514 1834 3579 elementis
1846 3560 1874 3595 ,

324 3625 511 3706 Quae
537 3624 727 3686 facile
757 3623 1208 3705 insinuantur,
1228 3632 1293 3685 et
1314 3623 1670 3704 insinuata,
1695 3631 1966 3705 repente

324 3727 706 3791 Dissolvunt
724 3728 931 3791 nodos
948 3727 1201 3791 omneis
1213 3773 1233 3809 ,
1254 3738 1319 3791 et
1337 3729 1553 3791 vinela
1576 3732 1888 3793 relaxant.

379 3817 905 3917 'Auctumnoque
928 3834 1165 3921 magis,
1181 3833 1385 3899 stellis
1405 3833 1808 3921 fulgentibus
1829 3843 2010 3917 apta,
