3117 5050
834 465 891 526 L
926 463 963 526 1
996 465 1047 526 B
1086 463 1139 526 E
1176 463 1238 526 n
1318 463 1399 527 v.
1460 481 1543 526 -τ,
1589 447 1766 544 ιόο7.
2131 465 2244 546 195

334 604 450 670 mi
476 605 920 690 imprudentes
938 604 1070 690 ipsi
1094 603 1223 668 sibi
1245 623 1441 688 saepe
1460 626 1796 672 venenum
1905 643 1912 652 »

334 711 733 796 vergebant}
773 731 953 774 nune
979 711 1141 773 dant
1164 708 1309 774 aliis
1334 710 1664 774 sollertius
1694 710 1845 794 ipsi.

412 814 767 880 Indecasas
782 821 1243 895 postquam,ae
1256 811 1511 896 pelleis,
1530 812 1889 899 ignemque
1906 821 2244 903 pararunt,

330 915 413 979 Et
436 917 705 999 mulier,
732 918 1084 982 coniuncta
1104 918 1251 980 viro
1266 963 1289 1002 ,
1318 916 1636 982 concessit
1655 917 1730 980 in
1759 937 1998 1008 unum,

330 1025 649 1106 Castaque
672 1023 973 1106 privatae
1000 1023 1275 1104 Veneris
1292 1021 1631 1086 connubia
1652 1024 1826 1086 laeta

330 1129 611 1216 Cognita
630 1136 817 1208 sunt,
842 1125 1231 1207 prolemque
1250 1145 1334 1186 ex
1350 1143 1423 1186 se
1444 1125 1672 1188 videre
1699 1138 2012 1208 creatam3

326 1233 501 1294 Tum
527 1248 737 1315 genus
756 1229 1125 1287 humanum
1151 1223 1441 1306 primum
1461 1226 1843 1290 mollescere
1864 1225 2102 1312 coepit.

323 1333 509 1420 Ignis
537 1329 717 1394 enim
744 1327 1035 1407 curavit,
1062 1336 1135 1390 ut
1159 1325 1323 1390 alsia
1342 1346 1620 1412 corpora
1641 1328 1852 1414 frigus
2009 1408 2016 1414 ,

328 1443 481 1501 Non
499 1438 593 1498 ita
614 1432 752 1495 iam
774 1441 1039 1514 possent
1067 1431 1237 1496 coeli
1263 1433 1385 1495 sub
1416 1432 1709 1517 tegmine
1736 1433 1945 1496 ferret

328 1539 411 1600 Et
432 1538 657 1600 Venus
680 1531 1021 1595 imminuit
1042 1530 1263 1609 vireis3
1299 1527 1622 1614 puerique
1649 1544 2001 1617 parentum

331 1643 673 1710 Blanditiis
692 1642 891 1706 facile
910 1641 1257 1730 ingenium
1286 1641 1541 1728 fregere
1567 1647 1945 1726 superbum.

330 1753 519 1816 Tune
538 1745 603 1818 et
616 1749 976 1814 amicitiam
999 1758 1357 1832 coeperunt
1382 1746 1658 1834 iungere
1678 1752 1996 1814 habente·

327 1853 645 1917 Finitumi
668 1853 843 1916 inter
868 1873 939 1916 se
954 1899 975 1928 ‚
1000 1873 1125 1918 nee
1150 1855 1411 1924 laedere
1432 1897 1451 1932 ,
1482 1874 1605 1916 nec
1630 1853 1880 1917 violare
1907 1875 1934 1930 ᾗ

323 1959 411 2021 'Et
432 1977 670 2042 pueros
692 1959 1237 2024 commendarunt
1262 1957 1720 2039 muliebreque
1733 1963 1984 2024 seclum
2177 2037 2180 2043 Ι

324 2060 647 2142 Vocibus,
678 2046 743 2124 et
764 2070 979 2146 gestu3
1015 2079 1217 2141 quom
1249 2061 1446 2122 balbe
1475 2059 1924 2146 significarent
1937 2108 1960 2145 ,
2059 2078 2240 2130 4021

324 2168 824 2263 Imbecillorum
843 2183 981 2230 esse
1008 2185 1295 2247 aequum
1322 2165 1693 2228 misererier
1719 2166 1924 2230 omni.

323 2279 475 2342 Non
502 2286 721 2338 tamen
740 2273 1137 2336 omnimodis
1157 2283 1414 2358 poterat
1440 2273 1792 2338 eoncordia
1817 2273 2036 2360 gigni}

326 2386 455 2448 Sed
479 2386 657 2448 bona
676 2386 1054 2468 magnaque
1072 2403 1224 2466 pars
1250 2383 1602 2456 servabant
1621 2382 1890 2444 foedera
1909 2381 2102 2459 cas1i3

322 2493 455 2555 Aut
474 2511 681 2577 genus
699 2493 1066 2557 humanum
1092 2490 1225 2555 iam
1248 2499 1389 2554 tum
1406 2487 1579 2555 foret
1597 2505 1798 2551 omne
1814 2496 2216 2569 peremtum,

324 2598 384 2658 N
384 2616 459 2659 ec
476 2596 789 2679 potuisset
809 2598 1028 2659 adhue
1046 2598 1409 2679 perduoere
1428 2594 1604 2655 secla
1624 2610 1948 2676 propago.

404 2702 487 2763 At
512 2700 729 2764 varios
750 2699 1022 2785 linguae
1040 2698 1289 2758 sonitus
1318 2702 1553 2755 natura
1573 2690 1838 2775 subegit

326 2804 618 2888 Mittere,
646 2802 985 2875 etutilitas
1001 2796 1317 2881 expressit
1342 2792 1614 2858 nomina
1637 2813 1863 2855 rerum
1886 2815 1908 2858 ι

171 2924 177 2931 ·
206 2982 211 2985 ,
325 2912 475 2971 Non
499 2909 629 2971 alia
654 2912 853 2992 longe
880 2904 1163 2985 ratione,
1192 2912 1389 2981 atque
1416 2898 1559 2981 ipsa
1586 2897 1848 2986 videtur

324 3010 715 3073 Protrahere
736 3011 823 3069 ad
848 3018 1109 3113 gestum
1136 3022 1377 3087 pueros
1402 3000 1684 3063 infantia
1703 2999 2002 3084 ling-‘uae5

319 3118 548 3201 vQuom
566 3112 753 3194 facit,
767 3123 841 3173 ut
861 3110 1087 3197 digito,
1106 3128 1277 3189 quae
1296 3105 1427 3170 sint
1448 3102 1834 3187 praesentia,
1849 3105 2234 3167 monstrent.

326 3218 532 3281 Sentit
556 3218 735 3283 enim
752 3216 891 3277 vim
920 3214 1197 3295 quisque
1224 3230 1411 3274 suam
1445 3206 1628 3289 quod
1651 3208 1855 3291 possit
1881 3208 2089 3272 abuti.

326 3329 591 3389 Cornua
621 3332 772 3387 nata
796 3319 981 3405 prius
1006 3317 1217 3381 vitulo
1250 3336 1451 3397 quam
1482 3312 1814 3377 frontibus
1844 3318 2130 3394 exstent,

324 3430 467 3494 Illis
496 3430 701 3493 iratus
726 3428 925 3513 petit,
958 3436 1157 3506 atque
1205 3422 1501 3485 infensus
1528 3422 1824 3507 inurgetz
2202 3416 2206 3425 '

325 3526 419 3614 ᾼί
442 3534 643 3597 catuli
675 3534 1177 3617 pantherarum,
1206 3524 1598 3609 scymnique
1626 3525 1896 3589 leonum
1913 3568 1934 3606 ,

307 3638 701 3725 Unguibus,
719 3658 797 3701 ae
813 3636 1090 3718 pedibus
1110 3636 1245 3697 iam
1268 3642 1409 3695 tum
1430 3650 1784 3709 morsuque
1803 3628 2200 3717 repugnant,

324 3748 455 3813 vix
474 3747 671 3809 etiam
692 3763 893 3825 quom
914 3750 1067 3807 sunt
1084 3744 1311 3803 dentes
1329 3754 1714 3823 unguesque
1733 3737 1952 3801 creati.
2262 3724 2267 3730 ⁵

327 3854 623 3917 Alituum
646 3872 850 3937 porro
876 3869 1085 3937 genus
1109 3846 1233 3913 alis
1258 3864 1457 3909 omne
1474 3830 1776 3913 videmus
