3117 5050
86 2220 93 2231 -
83 2160 94 2200 ν·-
78 2050 90 2154 “²³“-
78 2003 79 2006 ⁴

97 2644 108 2788 ..Α-..σιτῇ
89 2530 105 2634 wrm-‘9⁴—

1096 471 1172 544 v
1272 472 1303 539 1
1399 469 1470 541 T
1568 467 1655 540 A.
2252 490 2343 544 χι
2402 421 2423 442 ”

425 639 633 736 quod
669 635 1125 732 Anaxagorae
1156 632 1430 728 Physici
1461 579 1747 704 auditor
1775 630 2045 702 fuisset:
2100 651 2173 702 et
2198 632 2347 704 De-

419 746 872 824 mosthenem
911 745 1118 840 illurn
1137 795 1158 830 ‚
1193 767 1432 836 quem
1467 743 1831 846 Longinus
1856 740 2095 812 scribit
2116 791 2141 827 ,
2172 741 2349 838 ignis

397 839 674 942 instar,
721 877 1007 938 eorum,
1047 875 1232 943 quos
1259 852 1531 921 afficere
1562 851 1769 934 velit,
1816 850 2089 920 animos
2118 851 2349 922 incen-

420 969 588 1040 dere
618 982 836 1058 atque
878 961 1359 1052 inflammare,
1408 977 1609 1030 tanto
1650 960 1991 1028 maiorem
2022 961 2344 1049 evasisse,

379 1128 386 1148 .
421 1075 627 1170 quod
657 1076 1030 1144 Platonem
1061 1071 1134 1148 in
1154 1067 1530 1144 Academia
1557 1069 1651 1136 de
1680 1067 1893 1137 rebus
1920 1094 1958 1138 a
1980 1092 2185 1140 sensu
2215 1091 2345 1160 po·

373 1267 378 1270 ¹
416 1185 648 1282 pulari
689 1182 984 1255 remotis
1023 1179 1505 1270 disputantem
1556 1175 1967 1247 audivisset:
2019 1177 2109 1246 ita
2160 1175 2345 1246 arbi-

419 1313 614 1384 tror,
657 1319 824 1364 eum
868 1305 1220 1361 oratorem
1245 1339 1267 1374 ‚
1296 1289 1424 1379 qui
1465 1287 1779 1358 studiose
1801 1286 2216 1358 Lucretium
2258 1288 2345 1356 le·

415 1423 578 1504 gat',
612 1407 848 1475 multo
875 1397 1615 1493 maioresjndicendo
1638 1397 1908 1468 sonitus
1936 1397 2296 1466 editurum
2316 1443 2341 1483 ‚

416 1519 807 1609 multoque
839 1512 1330 1584 vehementius
1371 1510 1645 1578 animos
1690 1507 2108 1580 auditorum
2142 1504 2377 1598 quasi'

415 1644 946 1718 percussurum,
977 1635 1049 1690 et
1069 1668 1090 1705 ,
1111 1641 1563 1709 quocunque
1592 1617 1814 1703 volet,
1841 1614 2340 1708 impulsurum.

415 1733 682 1825 Neque
731 1747 969 1803 tamen
1031 1729 1170 1798 hoc
1221 1725 1317 1796 ita
1363 1725 1589 1816 accipi
1638 1725 1853 1793 velim
1879 1772 1902 1811 ,
1949 1723 2149 1815 quasi
2202 1723 2341 1792 hoc

416 1836 717 1912 sentiam
737 1893 756 1926 ‚
788 1838 1345 1932 disputationem
1375 1827 1810 1922 deAtomis‚
1862 1852 1933 1905 et
1970 1834 2061 1904 de
2088 1857 2339 1904 earum

417 1951 884 2023 concursione
924 1949 1256 2034 fortuita,
1293 1962 1366 2018 et
1403 1947 1498 2016 de
1521 1970 1763 2021 earum
1796 1961 2007 2014 motu
2034 1943 2339 2034 triplici,

349 2121 354 2126 ,
419 2076 494 2132 et
517 2060 860 2136 similibus
903 2059 1146 2145 rebus,
1189 2059 1280 2128 ad
1319 2056 2337 2150 eloquentiae-incrementum

415 2195 497 2242 ac
527 2173 820 2266 pondus
843 2169 1362 2264 acquirendum
1393 2167 2177 2261 oratoriprofuturam:
2214 2165 2340 2236 sed

365 2286 370 2298 '
414 2279 559 2352 hoc
599 2281 827 2350 sentio
855 2331 878 2368 ,
925 2281 1063 2350 hoc
1111 2277 1272 2348 dico
1295 2329 1316 2365 ,
1339 2312 1344 2316 ·
1371 2277 1682 2347 detracta
1728 2293 2083 2348 certorum
2122 2274 2343 2346 libro·

414 2409 574 2459 rum
605 2389 894 2460 materia
917 2439 939 2476 ,
975 2389 1122 2460 eius
1155 2387 1554 2459 tractandae
1584 2387 1932 2457 rationem
1974 2409 2051 2456 ac
2088 2385 2341 2482 figuras

415 2495 680 2566 oratori
719 2517 1011 2591 magnos
1049 2512 1120 2566 et
1170 2495 1420 2566 uberes
1466 2495 1736 2566 fructus
1782 2495 2145 2581 allaturas,
2184 2517 2337 2563 rna·-

413 2596 710 2699 ¹guoque
742 2602 1172 2674 adiumento
1191 2606 1286 2675 ad
1317 2605 1805 2697 eloquentiam
1836 2604 2173 2676 omnibus
2197 2602 2341 2671 suis

411 2712 730 2805 partibus
753 2714 1150 2783 absolutam
1181 2712 1731 2805 comparandam
1752 2711 2057 2797 futuras3
2090 2727 2161 2781 et
2186 2734 2339 2779 ora·

416 2836 644 2893 torem
673 2824 762 2893 ab
793 2824 1002 2894 huius
1022 2824 1368 2914 po‘e'matis
1391 2824 1702 2895 lectione
1727 2821 2167 2917 pro-fectum,
2196 2844 2342 2889 ora·

413 2932 688 3003 tionem
743 2932 1242 3003 confecturum
1289 2934 1502 3029 longe
1555 2934 2006 3029 grandiorem
2038 2982 2059 3017 ,
2116 2930 2332 3024 magis

413 3064 740 3111 sonoram
759 3091 782 3127 ‚
816 3042 1028 3136 magis
1065 3040 1358 3111 arduam
1382 3094 1402 3129 ,
1441 3061 1512 3113 et
1533 3047 1881 3113 excelsam
1904 3094 1925 3127 ‚
1956 3040 2171 3135 magis
2204 3039 2334 3107 de·-

411 3148 684 3236 nique‚
736 3160 822 3217 ut
873 3150 966 3217 ita
1005 3148 1233 3218 dicam
1264 3198 1286 3234 ,
1339 3167 1810 3267 exstructam,
1858 3163 2081 3237 atque
2124 3168 2333 3242 exag-

411 3268 738 3351 geratam.
2335 3323 2347 3338 ,

505 3364 654 3433 Iam
693 3361 898 3455 quod
945 3362 1138 3433 idem
1191 3363 1680 3469 Quintilianus
1722 3364 1862 3449 ait,
1915 3364 2331 3435 Lucretium

413 3496 554 3543 esse
605 3471 1008 3558 difficilem,
1059 3474 1239 3565 quid
1291 3474 1593 3559 diceret,
1642 3473 1697 3541 si
1740 3472 1841 3541 his
1886 3474 2331 3567 temporibus

410 3598 616 3684 natus
649 3596 860 3695 esset,
898 3580 1164 3673 quibus
1201 3608 1239 3651 a
1265 3581 1464 3652 certis
1499 3582 1918 3653 hominibus
1952 3584 2051 3652 ita
2080 3583 2331 3675 depra·
2427 3650 2429 3653 ,

411 3708 612 3763 vatus
659 3710 798 3779 est,
841 3709 924 3765 ut
959 3694 1082 3765 vix
1124 3696 1270 3765 eius
1305 3695 1592 3787 pristina
1628 3694 1833 3766 facies
1876 3712 2330 3792 agnoscatur,

412 3826 580 3873 cum
629 3821 700 3873 et
731 3806 942 3877 aetati
984 3796 1296 3877 Lucretii
1325 3832 1550 3900 paene
1576 3807 1883 3895 vicinus,
1920 3826 1993 3881 et
2024 3809 2331 3879 Lucretii

413 3915 840 4009 exemplaria
865 3916 1144 4015 ‘integra
1175 3930 1250 3992 et
1283 3916 1656 3997 emendata
1680 3968 1703 4009 ,
1730 3934 1861 3989 aut
1890 3934 2082 3994 certe
2108 3915 2337 4014 quam
