3117 5050
894 452 951 512 L
986 452 1021 512 1
1056 453 1109 513 B
1144 453 1200 512 E
1236 453 1313 514 R·
1376 452 1513 518 vl.
1596 423 1660 516 νζ
1704 460 1838 536 703.
2209 462 2321 524 235

422 590 860 670 Nominitant3
884 611 1003 656 nos
1028 593 1209 672 quod
1228 589 1473 656 fauceis
1492 579 1946 678 perhibemus,
1973 605 2038 661 et
2061 617 2198 670 ora.

492 699 655 762 Sunt
674 697 927 782 aliquot
945 717 1211 779 quoque
1233 717 1367 781 res,
1392 714 1674 778 quarum
1696 718 1899 762 unam
1921 697 2139 764 dicere

1615 825 1880 873 Causam

408 911 559 975 No'n
576 912 729 994 satis
752 919 874 993 est,
896 915 1128 976 verum
1156 908 1403 994 plureis
1422 933 1441 988 ;
1461 904 1798 973 unde'una
1829 922 2052 975 tamen
2069 913 2174 977 sit.

408 1013 659 1100 Coi-pus
685 1026 757 1081 ut
784 1017 1159 1080 exanimum
1186 1015 1240 1079 si
1276 1018 1457 1096 quod
1489 1019 1724 1099 procul
1751 1017 1892 1099 ipse
1911 1018 2126 1082 iacere

311 1115 315 1119 ’
407 1119 781 1204 Conspicias
808 1118 1132 1198 hominis,
1152 1116 1257 1200 fit,
1283 1129 1358 1180 ut
1382 1119 1639 1180 omneis
1663 1119 1879 1180 dieere
1908 1141 2134 1186 causas

403 1223 769 1285 Conveniat
788 1221 933 1301 leti,
960 1220 1215 1283 dicatur
1236 1229 1307 1281 ut
1332 1221 1516 1283 illius
1535 1239 1695 1284 una.

398 1327 567 1388 Nam
594 1341 807 1406 neque
839 1345 989 1411 euin
1013 1325 1187 1387 ferro
1206 1371 1223 1406 ,
1252 1346 1373 1388 nee
1398 1327 1674 1414 frigore,
1695 1327 1962 1393 vincere
1979 1329 2220 1411 possis=

397 1429 759 1511 Interiisse,
797 1449 1013 1514 neque
1032 1450 1071 1499 a
1088 1432 1355 1510 morbo,
1384 1453 1600 1512 neque
1625 1433 1792 1496 forte
1815 1438 2105 1511 'venen03
2217 1421 2221 1430 ’

394 1533 647 1598 Verum
680 1531 933 1612 aliquid
955 1552 1198 1618 genere
1218 1553 1357 1604 esse
1375 1555 1455 1596 ex
1482 1537 1638 1617 hoe,
1661 1538 1841 1616 quod
1861 1536 2136 1624 contigit
2155 1537 2250 1621 ei,

394 1637 673 1722 Scimus:
702 1637 862 1700 item
883 1636 955 1698 in
986 1636 1205 1700 multis
1230 1639 1360 1701 hoc
1388 1640 1586 1702 rebus
1606 1637 1822 1702 dicere
1845 1643 2182 1710 habemus.

474 1739 659 1802 Nilus
680 1739 751 1801 in
779 1747 1083 1824 aestatem
1108 1739 1367 1822 crescit,
1398 1741 1776 1824 campisque
1802 1745 2166 1826 redundat,

390 1841 640 1906 Unicus
660 1842 731 1905 in
758 1824 979 1922 terris,
1008 1843 1295 1929 Aegypti
1326 1844 1518 1907 totius
1544 1847 1776 1910 amnis.

387 1953 453 2015 Is
476 1953 644 2040 rigat
660 1955 1033 2038 Aegyptum
1056 1949 1347 2012 medium
1366 1973 1486 2033 per
1506 1966 1700 2034 saepe
1724 1956 2008 2016 calorem
2025 1976 2045 2033 3

385 2057 546 2138 Aut,
579 2055 732 2137 quia
752 2066 903 2118 sunt
924 2065 1165 2118 aestate
1190 2053 1549 2134 Aquiloues
1569 2057 1733 2119 ostia
1767 2067 1994 2132 contra

384 2157 564 2219 Anni
590 2167 884 2238 tempore
902 2176 1015 2236 eo,
1048 2176 1182 2238 quo
1208 2155 1458 2220 Etesiae
1488 2177 1624 2222 esse
1653 2159 1984 2237 feruntur-3
2177 2182 2320 2240 71⁶7¹

382 2263 496 2344 Et,
518 2271 743 2325 contra
768 2261 1045 2326 fluvium
1070 2265 1323 2344 flantes,
1352 2275 1800 2342 remorantur3
1821 2275 1916 2348 et,
1944 2266 2154 2329 undas

383 2374 703 2459 cogentes
728 2352 974 2455 sursus,
998 2376 1289 2456 replent,
1313 2383 1688 2459 coguntque
1721 2395 2008 2439 manere.

382 2479 551 2541 Nam
578 2479 783 2543 dubio
804 2483 1039 2563 procul
1058 2483 1221 2543 haec
1244 2481 1524 2545 advorso
1544 2483 1748 2546 flabra
1770 2483 2074 2565 feruntur

376 2588 717 2671 Flumine,
746 2608 915 2669 quae
930 2587 1163 2674 gelidis
1184 2590 1273 2649 ab
1298 2588 1499 2651 stellis
1527 2590 1669 2650 axis
1695 2599 2010 2671 aguntur:
2081 2645 2090 2655 ,

377 2694 501 2757 Ille
528 2715 607 2757 ex
626 2693 923 2757 aestifera
949 2700 1137 2773 parte
1158 2690 1337 2751 venit
1356 2691 1602 2772 amnis,
1629 2695 1712 2754 ab
1735 2696 1972 2754 Austro
1997 2728 2002 2733 ·

355 2790 558 2858 'Inter
580 2796 774 2883 nigra
794 2792 1006 2857 virum
1020 2840 1039 2877 ,
1058 2792 1362 2877 percocto
1382 2797 1558 2857 secla
1581 2797 1830 2878 calore,
1910 2856 1921 2884 Ι.

299 2928 304 2940 ¹
376 2901 691 2965 Exoriens
714 2902 973 2986 penitus
996 2902 1216 2965 media
1243 2906 1327 2967 ab
1352 2904 1621 2992 regione
1647 2904 1799 2968 diei.

452 3009 564 3069 Est
582 3027 874 3091 quoque,
898 3010 999 3071 u-ti
1023 3010 1224 3093 possit
1249 3031 1523 3097 magnus
1552 3023 1898 3099 congestus
1918 3031 2154 3075 arenae

368 3112 707 3177 -Fluetihus
726 3115 1019 3179 advorsis
1042 3116 1342 3198 oppilare
1364 3117 1530 3181 ostia
1552 3131 1777 3182 eontra
1792 3165 1812 3201 ,
2226 3196 2230 3200 ῃ

378 3223 595 3304 Quom
620 3241 835 3305 mare,
860 3234 1231 3305 permotum
1256 3226 1503 3309 ventis,
1526 3226 1662 3289 ‘ruit
1688 3228 1863 3291 intus
1889 3246 2180 3290 arenam.
2265 3220 2269 3228 ¹

372 3327 523 3410 Quo
547 3326 621 3389 fit
640 3328 738 3391 uti
766 3338 959 3412 pacto
984 3329 1155 3393 liber
1186 3330 1403 3395 minus
1424 3333 1645 3397 ‘exitus
1671 3334 1917 3414 amnis,

370 3431 450 3493 Et
461 3432 804 3523 ‘proclivus
825 3434 984 3499 item
1008 3431 1125 3499 fiat
1146 3438 1363 3501 minus
1388 3438 1674 3521 impetus
1700 3437 1918 3501 undis.
1969 3446 1971 3448 ’

449 3537 554 3601 Fit
580 3523 877 3625 quoque,
901 3542 1001 3606 uti
1019 3542 1285 3625 'pluviae
1300 3542 1533 3608 forsan
1557 3542 1766 3630 magis
1783 3545 1871 3605 ad
1896 3550 2090 3626 eaput
2109 3540 2250 3619 eius

368 3648 693 3732 Tempore
722 3671 800 3713 eo
823 3649 1014 3734 fiant,
1039 3671 1172 3733 quo
1199 3649 1409 3716 Etesia
1440 3652 1645 3714 flabra
1665 3650 2070 3732 Aquilonum

368 3751 610 3814 Nubila
642 3753 923 3817 coniiciu
934 3767 1003 3817 nt
1025 3756 1095 3818 in
1118 3776 1223 3819 eas
1254 3766 1407 3820 tunc
1432 3756 1657 3821 omnia
1675 3744 1934 3840 parteis.

240 3886 256 3905 ·
364 3857 628 3923 Scilicet
652 3862 737 3924 ad
753 3862 1038 3926 'mediam
1064 3858 1402 3950 regionem
1424 3862 1628 3928 eiecta
1655 3862 1788 3926 diei
