3117 5050
854 504 1258 566 LIBER
1325 502 1498 585 111.
1577 506 1822 582 v.644.
2179 514 2290 571 103

392 654 480 715 Ut
503 656 776 714 tremere
794 646 874 728 'in
908 658 1080 713 terra
1114 650 1412 713 videatur
1433 652 1517 713 ab
1537 652 1804 715 artubus
1827 650 1896 713 id
1916 655 2093 733 quod

390 759 647 823 Decidit
667 756 1019 837 abscisum3
1059 779 1261 839 quom
1289 780 1475 822 mens
1500 770 1744 842 tamen,
1787 771 1982 844 atque
2007 765 2135 826 ho-

612 874 621 885 ·
1140 859 1150 870 ’
1429 863 1632 929 minis
1653 867 1753 931 vis

391 966 753 1041 Nobilitate
782 967 941 1031 mali
974 986 1109 1029 non
1132 965 1273 1046 quit
1299 964 1538 1028 sentire
1571 968 1906 1032 dolorem:

388 1078 469 1141 Et
495 1053 690 1140 simiil
720 1076 794 1139 in
825 1096 1087 1161 pugnae
1108 1070 1323 1136 studio
1348 1074 1527 1153 quod
1546 1074 1765 1135 dedita
1789 1094 1974 1148 mens
2001 1086 2131 1157 est,

392 1182 683 1262 Corpore
702 1196 853 1241 cum
882 1176 1140 1255 reliquo
1167 1192 1460 1267 pugnam
1482 1175 1862 1256 caedeisque
1886 1178 2185 1260 petessit:

383 1288 524 1349 Nec
558 1291 765 1366 tenet,
800 1282 1104 1347 amissam
1141 1282 1392 1344 laevam
1424 1301 1575 1343 cum
1611 1284 1898 1368 tegmine
1916 1306 2109 1369 saepe

388 1389 569 1452 Inter
587 1409 787 1470 equos
812 1392 1111 1451 abstraxe
1129 1396 1303 1449 rotas
1321 1431 1341 1466 ,
1378 1385 1734 1467 falceisque
1770 1388 2092 1471 rapaceis:

389 1496 527 1556 Nec
546 1491 849 1554 cecidisse
870 1490 1036 1553 alius
1056 1492 1381 1572 dextram,
1410 1510 1611 1571 quom
1631 1489 1920 1575 scandit,
1948 1500 2012 1553 et
2033 1491 2246 1558 instat.

390 1597 557 1658 Inde
589 1595 756 1657 alius
778 1604 1051 1657 conatur
1071 1596 1333 1657 ademto
1363 1598 1634 1679 surgere
1669 1614 1894 1677 crure,

391 1683 612 1780 Quom
640 1696 875 1783 digitos
895 1694 1097 1783 agitat
1114 1706 1385 1779 propter
1406 1696 1845 1761 moribundus
1861 1696 2052 1761 humi
2076 1716 2189 1783 pes
2207 1720 2227 1780 3

390 1798 473 1858 Et
494 1806 720 1880 caput,
748 1798 1071 1861 abscisum
1097 1797 1314 1861 calido
1343 1799 1740 1882 viventeque
1767 1810 2032 1884 tranen,

389 1906 620 1968 Servat
650 1905 835 1967 humi
854 1906 1108 1967 voltum
1128 1904 1428 1988 vitalem,
1463 1908 1820 1989 oculosque
1846 1910 2196 1992 patenteis,

391 2008 619 2071 Donec
641 2006 948 2095 reliquias
980 2006 1229 2069 animai·
1258 2008 1541 2071 reddidit
1566 2010 1840 2075 omneis.
1868 2001 1874 2008 ’

472 2110 652 2195 Quin
679 2111 874 2175 etiam
909 2111 1025 2173 tihi
1062 2111 1145 2193 si,
1187 2111 1414 2199 lingua
1444 2112 1767 2194 vibrante,
1801 2114 2086 2179 minanti

388 2212 721 2296 Serpentis
757 2216 963 2277 cauda
989 2222 1051 2276 et
1077 2228 1357 2297 procero
1381 2235 1685 2300 corpore,
1715 2227 2069 2300 utrumque
2173 2218 2290 2281 658

393 2318 487 2381 Sit
515 2307 799 2391 lubitum
830 2318 903 2382 in
934 2322 1174 2383 multas
1199 2321 1439 2402 parteis
1471 2321 1790 2385 discidere
1816 2324 2022 2401 feri-03

397 2420 642 2484 Omnia
679 2422 809 2483 iam
838 2440 1131 2484 seorsum
1164 2442 1421 2504 cernes»,
1457 2425 1702 2487 amcisa
1729 2416 1977 2488 recenti

391 2531 713 2612 Vulnere,
744 2529 1007 2613 tortari,
1039 2540 1103 2594 et
1122 2541 1360 2596 terram
1396 2553 1829 2618 conspergere
1861 2535 2052 2612 tabq3

391 2633 609 2716 Ipsam
627 2653 826 2715 seque
846 2625 1022 2697 retro
1043 2645 1294 2716 partem
1319 2647 1546 2717 petere
1580 2657 1696 2698 ore
1723 2638 2046 2717 priorem,

292 2751 295 2756 ’
392 2741 699 2806 Vulneris
724 2731 979 2802 ardenti
997 2785 1016 2820 ,
1042 2748 1117 2800 ut
1140 2759 1360 2801 morsu
1381 2751 1662 2821 prema-t,
1692 2738 1818 2800 icta
1841 2742 2088 2801 dolore.

372 2923 377 2942 ι
473 2847 801 2910 Omnibus
832 2866 967 2910 esse
994 2843 1197 2932 igitur
1230 2855 1393 2906 totas
1426 2843 1718 2908 dicemus
1754 2845 1826 2906 in
1855 2844 1990 2908 illis

393 2954 733 3019 ParticuIIs
762 2955 1057 3018 animas?
1092 2955 1177 3016 At
1194 2973 1270 3016 ea
1302 2944 1561 3016 ratione
1592 2945 1923 3037 sequet’ur,

395 3057 611 3121 Unam
629 3059 1030 3120 animantem
1053 3057 1305 3120 animas
1327 3056 1632 3120 habuisse
1651 3056 1724 3118 in
1745 3078 2022 3140 corpore
2035 3057 2291 3124 multas.
2391 3073 2400 3106 *

389 3161 565 3247 Ergo
588 3158 796 3223 divisa
824 3170 917 3223 est
941 3176 1050 3237 ea,
1082 3179 1250 3240 quae
1282 3159 1410 3221 fuit
1444 3179 1580 3222 una
1605 3159 1803 3221 simul
1827 3180 1977 3222 cum

393 3261 719 3352 Corpore:
757 3264 1454 3351 quapropter‘mortale
1474 3275 1827 3346 utrumque
1843 3267 2212 3349 putandum

1443 3387 1572 3452 est3
2083 3356 2100 3366 ³

396 3486 469 3547 In
491 3487 730 3548 multas
754 3485 1067 3566 quoniam
1088 3483 1338 3568 'parteis
1362 3481 1705 3546 disciditur
1727 3501 1953 3560 aeque.

473 3591 845 3670 Praeterea,
868 3589 925 3653 si
949 3585 1339 3654 immortalis
1365 3596 1599 3647 natura
1624 3584 1880 3648 animai·

404 3699 691 3778 Constat,
724 3707 788 3758 et
825 3679 895 3758 in
924 3697 1163 3780 corpus
1196 3691 1607 3756 nascentibus
1640 3691 2043 3765 insinuatum

406 3801 531 3862 Cur
554 3821 751 3883 super
783 3809 1145 3863 anteactam
1188 3787 1463 3864 aetatem
1502 3777 1877 3858 meminisse
1910 3791 2296 3874 nequimus,

383 3905 530 3967 'Nec
550 3901 1170 3992 vestigiassestarum
1204 3922 1428 3966 rerum
1454 3903 1592 3965 ulia
1627 3901 1964 3964 tenemus?
