3117 5050
870 468 1277 532 LIBER
1352 470 1517 533 111.
1591 472 1876 551 v.7o5.·
2207 476 2400 561 105,

305 704 311 712 .
419 613 525 677 Sic
540 614 763 683 anima
776 622 969 695 atque
996 616 1253 690 animus
1270 663 1289 699 ,
1314 618 1613 699 quamvis
1629 616 1886 704 integra
1903 638 2128 685 recens
2141 619 2217 685 in

420 718 675 800 Corpus
690 728 880 800 eunt,
915 727 1133 783 tamen
1156 720 1230 783 in
1257 722 1589 783 manando
1607 720 2085 805 dissolvuntur,

418 822 630 903 Dum,
660 823 846 903 quasi
862 845 983 907 per
1008 828 1227 889 caulas
1243 874 1264 909 ,
1296 827 1549 891 omneis
1569 826 1888 891 diduntur
1913 827 1985 891 in
2011 837 2192 895 arius
2240 865 2245 873 ·

420 928 809 1011 Particulae,
835 921 1261 1010 quibus-haec
1286 931 1492 995 animi
1520 943 1772 995 natura·
1789 940 2078 995 creatur:
2179 928 2184 933 ’

421 1036 605 1118 Quae
622 1034 889 1099 nuncin
916 1044 1141 1125 nostro
1173 1036 1551 1101 dominatur
1569 1055 1889 1120 corpore,
1913 1047 2070 1105 nata

416 1136 649 1202 Exina
666 1184 687 1220 ,
710 1160 881 1225 quae
911 1148 1067 1203 tunc
1097 1138 1361 1221 peritat,
1387 1141 1625 1223 partita
1661 1162 1780 1227 per
1805 1149 2002 1207 artus·

500 1246 919 1329 Quapropter
940 1264 1156 1324 neque
1181 1245 1386 1307 natali
1406 1244 1674 1329 privata
1705 1244 1966 1309 videtur

420 1349 573 1412 Esse
590 1348 697 1411 die
724 1357 957 1409 natura
976 1346 1273 1426 animae,
1304 1368 1517 1428 neque
1542 1345 1795 1411 funeris
1825 1362 2078 1426 expers.

500 1450 766 1513 Semina
795 1459 1132 1531 practerea
1156 1450 1549 1537 linquuntur
1564 1494 1584 1532 ,
1621 1469 1828 1515 necne
1842 1495 1863 1531 ,
1891 1446 2139 1511 animai

306 1550 313 1559 “
422 1558 717 1639 Corpore
732 1555 805 1619 in
824 1554 1141 1623 exanimo
1160 1557 1189 1617 i·
1216 1557 1413 1641 Quod
1439 1555 1495 1619 si
1519 1554 1935 1644 linquuntur,
1959 1564 2022 1617 et
2045 1556 2298 1637 insunt,

422 1658 624 1722 Haud
648 1658 807 1741 erit,
840 1670 916 1723 ut
934 1661 1169 1725 merito
1200 1662 1590 1725 immortalis
1615 1660 1814 1745 possit
1840 1660 2112 1739 haberi3
2268 1691 2274 1708 ·

422 1764 729 1845 Partibus
741 1765 991 1833 amissis
1014 1766 1329 1848 qnoniam
1355 1765 1557 1831 libata
1586 1766 1865 1833 recessit.

424 1869 542 1935 Sin
566 1869 687 1955 ita,
713 1872 981 1939 sinceris
1007 1872 1317 1937 membris
1347 1875 1564 1937 abruta
1583 1920 1604 1956 ,
1628 1866 1963 1959 profugit,

394 2016 399 2021 -
427 1977 515 2037 Ut
539 1978 753 2041 nullas
788 1977 1033 2061 parteis
1066 1977 1139 2043 in
1174 1999 1450 2062 corpore
1484 1979 1754 2060 liquerit
1779 1999 1862 2041 ex
1890 1999 2003 2057 κς

424 2076 616 2143 Unde
638 2083 956 2147 cadavera
984 2081 1281 2145 rancenti
1301 2082 1435 2145 iam
1460 2081 1708 2163 viscere
1725 2081 2005 2146 ven-meis
2213 2101 2328 2163 719

423 2182 775 2265 Exspirant
788 2185 817 2245 Ρ
848 2194 1043 2266 atque
1068 2186 1245 2247 unde
1268 2166 1684 2255 animantum
1717 2182 1912 2269 copia
1938 2192 2147 2265 tanta,

423 2284 595 2351 Exos
616 2296 682 2349 et
709 2268 1084 2374 exsanguis,
1108 2288 1391 2351 tumidos
1428 2290 1821 2371 perfluctuat
1851 2289 2072 2354 artus?

506 2392 705 2476 Quod
726 2392 785 2456 si
808 2393 975 2457 forte
1008 2392 1263 2457 animas
1284 2369 1688 2458 extrinsecus
1714 2390 2040 2458 insinuari
2113 2428 2116 2433 -

290 2488 295 2493 ’
356 2481 365 2489 ’
394 2543 398 2547 -
428 2495 777 2563 Vermibus
790 2546 810 2582 ,
842 2510 906 2563 et
931 2499 1120 2584 priva
1147 2501 1203 2566 si
1217 2494 1300 2565 ‘in
1332 2523 1612 2586 corpora
1641 2523 1830 2587 posse
1869 2482 2096 2568 venire'

430 2604 684 2684 Credis3
703 2628 840 2672 nec
860 2618 1154 2690 reputas,
1184 2629 1305 2671 cur
1320 2602 1533 2670 millia
1567 2609 1776 2670 multa
1797 2607 2173 2672 animarum
2223 2643 2229 2648 —
2299 2590 2302 2594 “

430 2707 877 2795 Conveniam,
899 2716 1079 2776 unde
1100 2733 1233 2778 una
1251 2713 1620 2776 recesserit:
1645 2713 1772 2777 hoc
1796 2720 2014 2772 tamen
2035 2721 2131 2773 est
2143 2754 2166 2793 ,
2191 2716 2265 2774 ut

432 2819 903 2903 Quaerundum
918 2818 1219 2882 videatur
1235 2864 1255 2901 ‚
1282 2827 1347 2881 et
1369 2817 1441 2880 in
1466 2815 1819 2880 discrimen
1841 2815 2180 2904 agundum
2193 2835 2216 2878 ε

432 2925 668 2990 Utrum
693 2929 953 2990 tandem
976 2925 1235 2990 animae
1255 2922 1580 2992 venentur
1601 2922 1854 3005 semina
1872 2943 2174 3005 quaeque

436 3021 961 3103 Vermiculorum
974 3076 995 3112 ,
1020 3030 1331 3113 ipsaeque
1360 3029 1492 3094 sibi
1512 3029 1950 3108 fabricentur,
1975 3027 2098 3091 ubi
2113 3025 2275 3106 sint;

435 3137 539 3198 An
552 3132 701 3194 iam
738 3133 1120 3215 corporibus
1144 3133 1447 3216 perfectis
1470 3133 1907 3197 insinuentur.

436 3240 519 3300 At
548 3259 797 3321 neque,
836 3261 953 3302 cur
972 3239 1211 3302 faciant
1228 3239 1453 3321 ipsae,
1472 3258 1760 3326 quareve
1792 3241 2130 3322 laborent,

440 3344 674 3409 Dicere
688 3347 1063 3430 suppeditat
1079 3368 1098 3426 3
1125 3367 1341 3428 neque
1357 3347 1532 3412 enim
1546 3393 1566 3430 ,
1592 3346 1736 3412 sine
1756 3359 2258 3431 corporequ‘om

486 3537 491 3540 Ι
1505 3464 1658 3518 sunt
1672 3501 1694 3537 ‚

441 3557 773 3622 Sollicitae
805 3559 1084 3622 volitant
1106 3557 1385 3640 morbis,
1422 3559 1742 3645 alguque,
1775 3558 2096 3640 fameque.

444 3665 695 3746 Corpus
722 3665 899 3728 enim
930 3663 1137 3750 magis
1160 3665 1261 3728 his
1292 3663 1467 3726 vitiis
1504 3673 1572 3728 et
1599 3662 1734 3728 fine
1763 3667 2048 3743 laborat;

436 3771 518 3833 Et
545 3776 719 3836 mala
758 3787 989 3839 cuncta
1016 3777 1271 3840 animus
1302 3777 1566 3861 contagi
1587 3777 1885 3863 fungitur
1909 3777 2066 3841 eius.

438 3877 565 3942 Sed
590 3890 811 3962 tamen
830 3885 935 3948 his
958 3896 1093 3950 esto
1113 3885 1415 3967 quamvis
1442 3887 1657 3952 facere
1688 3889 1849 3952 utile
1885 3906 2144 3971 corpus,
