3117 5050
796 447 880 510 ³6
1205 442 1337 508 DE
1389 438 1760 502 RERUM
1812 431 2231 496 NATURA
2380 447 2444 491 v.
2486 429 2628 492 823.

866 584 1059 670 ,Quin
1085 581 1282 648 etiam
1318 577 1559 662 passim
1589 574 1825 640 nostris
1851 573 1925 636 in
1954 570 2265 635 versibus·
2282 567 2445 651 ipsis

792 695 1004 758 Multa
1025 681 1349 752 essmenta
1374 683 1557 746 vides
1577 728 1597 762 ‚
1628 679 1853 744 multis
1887 674 2269 746 communia
2291 657 2545 738 vei-bist

795 802 1019 882 Quom
1049 807 1270 868 tamen
1305 791 1478 854 inter
1505 809 1575 854 se
1597 807 1821 865 ver-s
1838 833 1856 868 ‚
1894 805 1972 848 ac
1994 785 2225 866 verba,
2262 801 2525 846 necesse
2550 789 2650 846 est

797 876 1297 987 Confiteartt
1320 920 1392 961 re
1410 944 1430 980 ‚
1465 905 1531 960 et
1559 893 1779 960 sonitu
1812 892 2057 956 distare
2086 887 2385 978 sonanti:

797 1009 1082 1102 Tantum
1108 1010 1432 1070 elementa
1465 1008 1755 1083 queunt,
1781 979 2153 1081 permutato
2184 992 2419 1056 ordine
2442 993 2625 1057 solo!

797 1115 882 1178 At
917 1133 1143 1178 rerum
1176 1132 1347 1194 quae
1367 1119 1520 1174 sunt
1552 1103 1951 1190 primordia,
1975 1104 2172 1186 plura
2192 1099 2507 1164 adhibere

799 1221 1106 1301 Possunt,
1139 1219 1318 1280 unde
1351 1223 1596 1297 queant}
1622 1211 1845 1274 variae
1868 1230 1969 1276 res
2008 1227 2319 1296 quaeque!
2342 1205 2574 1288 creari.

882 1331 1072 1392 Nunc
1105 1333 1169 1387 et
1205 1326 1636 1405 Anaxagorae
1672 1324 2041 1395 scrutemur
2066 1309 2481 1396 ὅμοιομέρειιιν,

802 1441 1023 1526 Quam
1043 1429 1226 1494 Graii
1257 1435 1656 1506 memorant,
1690 1445 1813 1486 nec
1839 1431 2063 1486 nostra
2092 1419 2307 1482 dicere
2330 1418 2559 1504 lingua

805 1539 1123 1606 Concedit
1149 1533 1339 1600 nobis
1359 1530 1558 1618 patrii
1587 1527 1907 1593 sermonis
1936 1535 2216 1612 egestas:

803 1647 934 1711 Sed
958 1657 1178 1709 tamen
1208 1639 1418 1722 ipsam
1449 1655 1593 1698 rem
1622 1633 1818 1704 facile
1848 1641 1943 1694 est
1976 1612 2307 1712 exponere
2334 1625 2579 1709 verbis,

803 1744 1216 1830 Principium
1248 1761 1471 1806 rerum
1487 1785 1506 1818 ,
1537 1757 1740 1818 quam
1764 1735 1921 1800 dicit
1944 1730 2339 1816 ὁμοιομέρειαι

807 1857 975 1923 Ossa
997 1849 1305 1918 videlicet
1323 1869 1363 1910 e
1398 1842 1711 1930 pauxillis
1740 1852 1941 1922 atque
1972 1839 2245 1904 minutis

807 1963 1088 2041 Ossibu’,
1113 1961 1206 2024 sic
1227 1966 1292 2020 et
1317 1957 1400 2018 de
1421 1951 1733 2040 pauxillis
1765 1960 1963 2030 atque
1994 1947 2266 2024 minutis

809 2067 1186 2136 Visceribus
1211 2063 1462 2141 viscus,
1493 2058 1716 2150 gigni3
1757 2075 2184 2142 sanguenque
2206 2055 2429 2130 ‚creari

813 2171 1162 2262 Sanguinis
1190 2170 1364 2232 inter
1391 2185 1462 2228 se
1488 2163 1713 2228 multis
1738 2161 2115 2224 coeuntihu'
2141 2159 2375 2248 guttis:
2602 2161 2727 2224 8³8

813 2283 913 2344 Ex
931 2274 1209 2356 aurique
1231 2279 1417 2354 putat
1447 2267 1639 2343 micis
1670 2266 2021 2330 consistere
2054 2286 2243 2349 posse

781 2410 784 2416 ·
813 2388 1070 2450 Aurum
1087 2425 1108 2461 ,
1142 2387 1206 2441 et
1233 2378 1316 2438 de
1343 2372 1533 2438 terris
1566 2380 1806 2434 terram
1833 2388 2253 2434 concrescere
2284 2369 2528 2454 parvis3

815 2487 1091 2577 Ignibus
1109 2504 1190 2549 ex
1215 2477 1460 2567 igneis,
1494 2479 1848 2547 humorem
1879 2477 2274 2541 humoribus
2290 2524 2309 2559 ,
2336 2497 2492 2546 esse.

817 2594 1049 2659 Cetera
1073 2585 1404 2655 consimili
1439 2582 1631 2671 fingit
1668 2582 1953 2663 ratione,
1992 2593 2329 2667 putatque.

817 2698 953 2763 Nec
985 2709 1368 2761 tamenesse
1391 2693 1540 2753 ulla
1570 2699 1757 2775 parte
1782 2688 1961 2750 idem
1988 2688 2061 2751 in
2093 2692 2285 2752 rebus
2314 2688 2515 2751 inane

821 2801 1173 2883 Concedit,
1198 2818 1414 2879 neque
1437 2794 1826 2879 corporibus
1852 2792 2055 2858 finem
2090 2806 2224 2857 esse
2256 2792 2573 2857 secandis.

820 2914 1042 2997 Quare
1071 2907 1142 2970 in
1171 2914 1451 2983 utraque
1471 2899 1641 2964 mihi
1664 2900 1913 2983 pariter
1941 2901 2194 2962 ratione
2224 2900 2488 2961 videtur

823 3022 1090 3097 Etrare3
1121 3023 1317 3097 atque
1348 3010 1484 3075 illis
1515 3010 1731 3093 iuxta,
1756 3029 1921 3095 quos
1948 3006 2230 3071 diximus
2258 3018 2431 3071 ante.

903 3126 1125 3206 Adde,
1161 3120 1341 3203 quod
1366 3115 1699 3184 imbecilla
1738 3114 1937 3179 nimis
1960 3114 2321 3199 primordia
2354 3112 2574 3200 fingit,

823 3230 893 3295 Si
929 3226 1305 3314 primordia,
1323 3233 1508 3304 sunt,
1535 3220 1745 3286 simili
1768 3242 1939 3301 quae
1967 3220 2263 3305 praedita
2300 3224 2597 3282 constant

825 3339 1070 3399 Natura
1091 3345 1288 3415 atque
1315 3333 1494 3415 ipsae
1513 3352 1617 3395 res
1643 3338 1819 3407 sunt3
1856 3348 2195 3410 aequeque
2230 3327 2562 3406 laborant,

825 3440 906 3502 Et
929 3440 1240 3519 pereunt,
1279 3454 1492 3515 neque
1514 3436 1605 3530 ab
1624 3432 1825 3495 exitio
1852 3452 1953 3495 res
1993 3433 2133 3494 ulla
2168 3431 2516 3497 refraenat.

828 3544 996 3605 Nam
1022 3540 1185 3619 quid
1211 3539 1284 3602 in
1310 3556 1623 3624 oppressu
1662 3536 1887 3601 valido
1914 3535 2178 3597 durabit
2212 3555 2477 3615 eorum,
2534 3540 2539 3545 '

829 3647 919 3713 Ut
947 3653 1226 3707 mortem
1263 3641 1565 3731 effugiat,
1604 3644 1720 3707 leti
1752 3645 1878 3707 sub
1912 3642 2219 3711 dentibus
2255 3642 2463 3726 ipsis?

830 3747 1056 3837 Ignis?
1073 3766 1161 3811 an
1181 3744 1461 3815 humor?
1479 3770 1569 3813 an
1587 3768 1748 3854 aura
1764 3750 1795 3812 1³
1826 3749 1989 3831 quid
2002 3750 2246 3836 horum
2258 3749 2289 3810 Ρ
2306 3742 2721 3833 sanguisan?

1888 3874 2062 3917 anne
2088 3854 2205 3917 os?
