<?xml version="1.0" encoding="UTF-8"?>
<!DOCTYPE html PUBLIC "-//W3C//DTD XHTML 1.0 Transitional//EN"
    "http://www.w3.org/TR/xhtml1/DTD/xhtml1-transitional.dtd">
<html xmlns="http://www.w3.org/1999/xhtml" xml:lang="en" lang="en">
 <head>
  <title>
</title>
<meta http-equiv="Content-Type" content="text/html;charset=utf-8" />
  <meta name='ocr-system' content='tesseract 3.04.00' />
  <meta name='ocr-capabilities' content='ocr_page ocr_carea ocr_par ocr_line ocrx_word'/>
</head>
<body>
  <div class='ocr_page' id='page_1' title='image "./tlucretiicaride00unkngoog_0010.png"; bbox 0 0 3117 5050; ppageno 0'>
   <div class='ocr_carea' id='block_1_1' title="bbox 57 1967 88 2210">
    <p class='ocr_par' dir='ltr' id='par_1_1' title="bbox 57 1967 88 2210">
     <span class='ocr_line' id='line_1_1' title="bbox 57 1967 88 2210; textangle 90"><span class='ocrx_word' id='word_1_1' title='bbox 59 2205 61 2210; x_wconf 81' lang='grc'><em>,</em></span> <span class='ocrx_word' id='word_1_2' title='bbox 57 1967 88 2160; x_wconf 39' lang='lat' dir='ltr'>*va-r·</span> 
     </span>
    </p>
   </div>
   <div class='ocr_carea' id='block_1_2' title="bbox 1093 447 2325 528">
    <p class='ocr_par' dir='ltr' id='par_1_2' title="bbox 1093 447 2325 528">
     <span class='ocr_line' id='line_1_2' title="bbox 1093 447 2325 528; baseline 0.002 -5"><span class='ocrx_word' id='word_1_3' title='bbox 1093 447 1646 524; x_wconf 72' lang='lat' dir='ltr'><strong>VITA:</strong></span> <span class='ocrx_word' id='word_1_4' title='bbox 2236 471 2325 528; x_wconf 81' lang='lat' dir='ltr'>nt</span> 
     </span>
    </p>
   </div>
   <div class='ocr_carea' id='block_1_3' title="bbox 415 609 2416 2561">
    <p class='ocr_par' dir='ltr' id='par_1_3' title="bbox 415 609 2416 2561">
     <span class='ocr_line' id='line_1_3' title="bbox 418 609 2333 706; baseline 0.001 -22"><span class='ocrx_word' id='word_1_5' title='bbox 418 612 508 686; x_wconf 72' lang='lat' dir='ltr'>tis</span> <span class='ocrx_word' id='word_1_6' title='bbox 541 609 1006 706; x_wconf 76' lang='lat' dir='ltr'>popularibus</span> <span class='ocrx_word' id='word_1_7' title='bbox 1027 609 1460 700; x_wconf 86' lang='lat' dir='ltr'>honoribus,</span> <span class='ocrx_word' id='word_1_8' title='bbox 1502 612 1631 706; x_wconf 88' lang='lat' dir='ltr'>qui</span> <span class='ocrx_word' id='word_1_9' title='bbox 1661 634 1811 684; x_wconf 91' lang='lat' dir='ltr'>non</span> <span class='ocrx_word' id='word_1_10' title='bbox 1842 611 2076 695; x_wconf 72' lang='lat' dir='ltr'>solum</span> <span class='ocrx_word' id='word_1_11' title='bbox 2106 637 2333 706; x_wconf 88' lang='lat' dir='ltr'>eque-</span> 
     </span>
     <span class='ocr_line' id='line_1_4' title="bbox 415 719 2333 816; baseline -0.002 -24"><span class='ocrx_word' id='word_1_12' title='bbox 415 721 540 792; x_wconf 71' lang='lat' dir='ltr'>stri</span> <span class='ocrx_word' id='word_1_13' title='bbox 565 719 832 806; x_wconf 84' lang='lat' dir='ltr'>ordini,</span> <span class='ocrx_word' id='word_1_14' title='bbox 870 743 1122 791; x_wconf 87' lang='lat' dir='ltr'>verum</span> <span class='ocrx_word' id='word_1_15' title='bbox 1152 721 1362 790; x_wconf 86' lang='lat' dir='ltr'>etiam</span> <span class='ocrx_word' id='word_1_16' title='bbox 1397 719 1687 814; x_wconf 88' lang='lat' dir='ltr'>plebeio</span> <span class='ocrx_word' id='word_1_17' title='bbox 1720 720 2058 816; x_wconf 83' lang='lat' dir='ltr'>patebant</span> <span class='ocrx_word' id='word_1_18' title='bbox 2077 770 2100 807; x_wconf 91' lang='lat'>,</span> <span class='ocrx_word' id='word_1_19' title='bbox 2137 721 2333 813; x_wconf 80' lang='lat' dir='ltr'>(cer-</span> 
     </span>
     <span class='ocr_line' id='line_1_5' title="bbox 418 825 2331 922; baseline 0.001 -24"><span class='ocrx_word' id='word_1_20' title='bbox 418 843 494 902; x_wconf 78' lang='lat' dir='ltr'>te</span> <span class='ocrx_word' id='word_1_21' title='bbox 522 827 906 900; x_wconf 78' lang='lat' dir='ltr'>maioribus</span> <span class='ocrx_word' id='word_1_22' title='bbox 941 825 1090 898; x_wconf 86' lang='lat' dir='ltr'>eius</span> <span class='ocrx_word' id='word_1_23' title='bbox 1124 842 1196 898; x_wconf 84' lang='lat' dir='ltr'>et</span> <span class='ocrx_word' id='word_1_24' title='bbox 1228 828 1655 922; x_wconf 79' lang='lat' dir='ltr'>propinquis</span> <span class='ocrx_word' id='word_1_25' title='bbox 1685 841 2097 921; x_wconf 87' lang='lat' dir='ltr'>patuerant,</span> <span class='ocrx_word' id='word_1_26' title='bbox 2128 829 2156 921; x_wconf 99' lang='lat'><strong>)</strong></span> <span class='ocrx_word' id='word_1_27' title='bbox 2185 828 2331 900; x_wconf 81' lang='lat' dir='ltr'>sive</span> 
     </span>
     <span class='ocr_line' id='line_1_6' title="bbox 419 937 2335 1036; baseline 0.002 -27"><span class='ocrx_word' id='word_1_28' title='bbox 419 937 629 1032; x_wconf 88' lang='lat' dir='ltr'>quod</span> <span class='ocrx_word' id='word_1_29' title='bbox 667 963 708 1008; x_wconf 90' lang='lat' dir='ltr'>a</span> <span class='ocrx_word' id='word_1_30' title='bbox 739 939 1070 1036; x_wconf 88' lang='lat' dir='ltr'>populari</span> <span class='ocrx_word' id='word_1_31' title='bbox 1099 937 1386 1012; x_wconf 89' lang='lat' dir='ltr'>levitate</span> <span class='ocrx_word' id='word_1_32' title='bbox 1423 938 1835 1010; x_wconf 86' lang='lat' dir='ltr'>abhorreret</span> <span class='ocrx_word' id='word_1_33' title='bbox 1874 956 2151 1024; x_wconf 85' lang='lat' dir='ltr'>natura,</span> <span class='ocrx_word' id='word_1_34' title='bbox 2188 938 2335 1012; x_wconf 79' lang='lat' dir='ltr'>sive</span> 
     </span>
     <span class='ocr_line' id='line_1_7' title="bbox 417 1047 2339 1142; baseline 0 -24"><span class='ocrx_word' id='word_1_35' title='bbox 417 1048 628 1141; x_wconf 86' lang='lat' dir='ltr'>quod</span> <span class='ocrx_word' id='word_1_36' title='bbox 665 1050 884 1120; x_wconf 84' lang='lat' dir='ltr'>vitam</span> <span class='ocrx_word' id='word_1_37' title='bbox 905 1071 1102 1119; x_wconf 82' lang='lat' dir='ltr'>suam</span> <span class='ocrx_word' id='word_1_38' title='bbox 1144 1052 1210 1117; x_wconf 85' lang='lat' dir='ltr'>ei</span> <span class='ocrx_word' id='word_1_39' title='bbox 1253 1047 1703 1142; x_wconf 85' lang='lat' dir='ltr'>disciplinae,</span> <span class='ocrx_word' id='word_1_40' title='bbox 1750 1073 1969 1140; x_wconf 86' lang='lat' dir='ltr'>quam</span> <span class='ocrx_word' id='word_1_41' title='bbox 2006 1071 2339 1139; x_wconf 81' lang='lat' dir='ltr'>sequere·</span> 
     </span>
     <span class='ocr_line' id='line_1_8' title="bbox 417 1157 2337 1250; baseline 0 -24"><span class='ocrx_word' id='word_1_42' title='bbox 417 1171 572 1242; x_wconf 83' lang='lat' dir='ltr'>tur,</span> <span class='ocrx_word' id='word_1_43' title='bbox 605 1178 973 1247; x_wconf 87' lang='lat' dir='ltr'>quamque</span> <span class='ocrx_word' id='word_1_44' title='bbox 997 1157 1368 1250; x_wconf 78' lang='lat' dir='ltr'>amplexus</span> <span class='ocrx_word' id='word_1_45' title='bbox 1395 1173 1605 1240; x_wconf 77' lang='lat' dir='ltr'>esset,</span> <span class='ocrx_word' id='word_1_46' title='bbox 1646 1171 2193 1226; x_wconf 75' lang='lat' dir='ltr'>consentaneam</span> <span class='ocrx_word' id='word_1_47' title='bbox 2228 1177 2337 1226; x_wconf 76' lang='lat' dir='ltr'>es·</span> 
     </span>
     <span class='ocr_line' id='line_1_9' title="bbox 418 1261 2337 1359; baseline -0.002 -24"><span class='ocrx_word' id='word_1_48' title='bbox 418 1285 496 1335; x_wconf 71' lang='lat' dir='ltr'>se</span> <span class='ocrx_word' id='word_1_49' title='bbox 537 1265 792 1359; x_wconf 73' lang='lat' dir='ltr'>vellet,</span> <span class='ocrx_word' id='word_1_50' title='bbox 819 1262 1260 1357; x_wconf 81' lang='lat' dir='ltr'>(sapientem</span> <span class='ocrx_word' id='word_1_51' title='bbox 1311 1263 1500 1332; x_wconf 86' lang='lat' dir='ltr'>enim</span> <span class='ocrx_word' id='word_1_52' title='bbox 1533 1262 1626 1334; x_wconf 88' lang='lat' dir='ltr'>ad</span> <span class='ocrx_word' id='word_1_53' title='bbox 1658 1261 2173 1356; x_wconf 82' lang='lat' dir='ltr'>rempublicam</span> <span class='ocrx_word' id='word_1_54' title='bbox 2220 1285 2337 1332; x_wconf 75' lang='lat' dir='ltr'>ac·-</span> 
     </span>
     <span class='ocr_line' id='line_1_10' title="bbox 419 1361 2337 1468; baseline -0.002 -25"><span class='ocrx_word' id='word_1_55' title='bbox 419 1394 781 1444; x_wconf 74' lang='lat' dir='ltr'>cessurum</span> <span class='ocrx_word' id='word_1_56' title='bbox 825 1371 1127 1468; x_wconf 84' lang='lat' dir='ltr'>negabat</span> <span class='ocrx_word' id='word_1_57' title='bbox 1153 1367 1589 1462; x_wconf 73' lang='lat' dir='ltr'>Epicuru3,)</span> <span class='ocrx_word' id='word_1_58' title='bbox 1634 1361 2003 1442; x_wconf 76' lang='lat' dir='ltr'>constituit</span> <span class='ocrx_word' id='word_1_59' title='bbox 2038 1393 2111 1440; x_wconf 71' lang='lat' dir='ltr'>se</span> <span class='ocrx_word' id='word_1_60' title='bbox 2154 1369 2337 1440; x_wconf 74' lang='lat' dir='ltr'>intra</span> 
     </span>
     <span class='ocr_line' id='line_1_11' title="bbox 415 1477 2339 1572; baseline -0.003 -19"><span class='ocrx_word' id='word_1_61' title='bbox 415 1478 790 1554; x_wconf 80' lang='lat' dir='ltr'>fortunam</span> <span class='ocrx_word' id='word_1_62' title='bbox 841 1505 1044 1550; x_wconf 77' lang='lat' dir='ltr'>suam</span> <span class='ocrx_word' id='word_1_63' title='bbox 1093 1477 1458 1553; x_wconf 87' lang='lat' dir='ltr'>continere</span> <span class='ocrx_word' id='word_1_64' title='bbox 1483 1530 1506 1567; x_wconf 91' lang='lat'>,</span> <span class='ocrx_word' id='word_1_65' title='bbox 1555 1494 2063 1572; x_wconf 87' lang='lat' dir='ltr'>perpetuoque</span> <span class='ocrx_word' id='word_1_66' title='bbox 2115 1501 2339 1568; x_wconf 85' lang='lat' dir='ltr'>eque-</span> 
     </span>
     <span class='ocr_line' id='line_1_12' title="bbox 419 1587 2338 1686; baseline -0.003 -24"><span class='ocrx_word' id='word_1_67' title='bbox 419 1608 636 1664; x_wconf 68' lang='lat' dir='ltr'>strem</span> <span class='ocrx_word' id='word_1_68' title='bbox 687 1590 1104 1686; x_wconf 84' lang='lat' dir='ltr'>dignitatem</span> <span class='ocrx_word' id='word_1_69' title='bbox 1154 1610 1232 1660; x_wconf 85' lang='lat' dir='ltr'>re</span> <span class='ocrx_word' id='word_1_70' title='bbox 1291 1613 1495 1676; x_wconf 87' lang='lat' dir='ltr'>nere,</span> <span class='ocrx_word' id='word_1_71' title='bbox 1543 1611 1789 1681; x_wconf 86' lang='lat' dir='ltr'>neque</span> <span class='ocrx_word' id='word_1_72' title='bbox 1836 1587 2117 1684; x_wconf 75' lang='lat' dir='ltr'>longius</span> <span class='ocrx_word' id='word_1_73' title='bbox 2162 1609 2338 1679; x_wconf 86' lang='lat' dir='ltr'>pro-</span> 
     </span>
     <span class='ocr_line' id='line_1_13' title="bbox 417 1697 2416 1802; baseline -0.002 -30"><span class='ocrx_word' id='word_1_74' title='bbox 417 1701 653 1802; x_wconf 81' lang='lat' dir='ltr'>gredi,</span> <span class='ocrx_word' id='word_1_75' title='bbox 707 1700 933 1794; x_wconf 87' lang='lat' dir='ltr'>idque</span> <span class='ocrx_word' id='word_1_76' title='bbox 981 1702 1168 1774; x_wconf 88' lang='lat' dir='ltr'>mult</span> <span class='ocrx_word' id='word_1_77' title='bbox 1255 1725 1381 1771; x_wconf 89' lang='lat' dir='ltr'>um</span> <span class='ocrx_word' id='word_1_78' title='bbox 1442 1701 1807 1770; x_wconf 84' lang='lat' dir='ltr'>bonorum</span> <span class='ocrx_word' id='word_1_79' title='bbox 1858 1714 1932 1768; x_wconf 89' lang='lat' dir='ltr'>et</span> <span class='ocrx_word' id='word_1_80' title='bbox 1976 1697 2335 1768; x_wconf 84' lang='lat' dir='ltr'>clarorum</span> <span class='ocrx_word' id='word_1_81' title='bbox 2406 1775 2416 1784; x_wconf 61' lang='grc'><strong>,</strong></span> 
     </span>
     <span class='ocr_line' id='line_1_14' title="bbox 419 1807 2339 1916; baseline -0.005 -30"><span class='ocrx_word' id='word_1_82' title='bbox 419 1815 736 1886; x_wconf 83' lang='lat' dir='ltr'>virorum</span> <span class='ocrx_word' id='word_1_83' title='bbox 783 1813 1116 1905; x_wconf 77' lang='lat' dir='ltr'>exemplo</span> <span class='ocrx_word' id='word_1_84' title='bbox 1177 1812 1522 1916; x_wconf 78' lang='lat' dir='ltr'>Quamvis</span> <span class='ocrx_word' id='word_1_85' title='bbox 1556 1829 1801 1882; x_wconf 88' lang='lat' dir='ltr'>autem</span> <span class='ocrx_word' id='word_1_86' title='bbox 1836 1824 2061 1882; x_wconf 76' lang='lat' dir='ltr'>essent</span> <span class='ocrx_word' id='word_1_87' title='bbox 2090 1807 2163 1877; x_wconf 93' lang='lat' dir='ltr'>hi</span> <span class='ocrx_word' id='word_1_88' title='bbox 2201 1831 2339 1878; x_wconf 86' lang='lat' dir='ltr'>nu·</span> 
     </span>
     <span class='ocr_line' id='line_1_15' title="bbox 421 1909 2341 2018; baseline -0.006 -21"><span class='ocrx_word' id='word_1_89' title='bbox 421 1949 628 1997; x_wconf 84' lang='lat' dir='ltr'>mero</span> <span class='ocrx_word' id='word_1_90' title='bbox 667 1925 1030 2018; x_wconf 15' lang='lat' dir='ltr'>complut*</span> <span class='ocrx_word' id='word_1_91' title='bbox 1076 1949 1114 2011; x_wconf 91' lang='lat'>·,</span> <span class='ocrx_word' id='word_1_92' title='bbox 1147 1947 1336 1994; x_wconf 82' lang='lat' dir='ltr'>unus</span> <span class='ocrx_word' id='word_1_93' title='bbox 1363 1909 1823 2017; x_wconf 45' lang='lat' dir='ltr'>&#39;Pomponius</span> <span class='ocrx_word' id='word_1_94' title='bbox 1862 1937 2103 1990; x_wconf 83' lang='lat' dir='ltr'>tamen</span> <span class='ocrx_word' id='word_1_95' title='bbox 2152 1919 2341 1988; x_wconf 87' lang='lat' dir='ltr'>mul-</span> 
     </span>
     <span class='ocr_line' id='line_1_16' title="bbox 419 2025 2342 2126; baseline -0.006 -20"><span class='ocrx_word' id='word_1_96' title='bbox 419 2049 666 2106; x_wconf 85' lang='lat' dir='ltr'>torum</span> <span class='ocrx_word' id='word_1_97' title='bbox 706 2034 915 2104; x_wconf 83' lang='lat' dir='ltr'>instar</span> <span class='ocrx_word' id='word_1_98' title='bbox 1057 2057 1198 2126; x_wconf 51' lang='lat' dir='ltr'>esee</span> <span class='ocrx_word' id='word_1_99' title='bbox 1231 2046 1548 2125; x_wconf 83' lang='lat' dir='ltr'>poterat3</span> <span class='ocrx_word' id='word_1_100' title='bbox 1597 2031 1767 2124; x_wconf 87' lang='lat' dir='ltr'>qui,</span> <span class='ocrx_word' id='word_1_101' title='bbox 1794 2045 1965 2100; x_wconf 79' lang='lat' dir='ltr'>eum</span> <span class='ocrx_word' id='word_1_102' title='bbox 2008 2026 2073 2098; x_wconf 88' lang='lat' dir='ltr'>ei</span> <span class='ocrx_word' id='word_1_103' title='bbox 2108 2025 2342 2096; x_wconf 88' lang='lat' dir='ltr'>hono-</span> 
     </span>
     <span class='ocr_line' id='line_1_17' title="bbox 421 2133 2334 2237; baseline -0.005 -23"><span class='ocrx_word' id='word_1_104' title='bbox 421 2165 530 2217; x_wconf 74' lang='lat' dir='ltr'>res</span> <span class='ocrx_word' id='word_1_105' title='bbox 566 2142 866 2235; x_wconf 69' lang='lat' dir='ltr'>ampliati</span> <span class='ocrx_word' id='word_1_106' title='bbox 982 2165 1026 2237; x_wconf 61' lang='lat' dir='ltr'>&gt;s</span> <span class='ocrx_word' id='word_1_107' title='bbox 1068 2143 1144 2210; x_wconf 84' lang='lat' dir='ltr'>in</span> <span class='ocrx_word' id='word_1_108' title='bbox 1187 2163 1310 2210; x_wconf 78' lang='lat' dir='ltr'>sua</span> <span class='ocrx_word' id='word_1_109' title='bbox 1355 2141 1639 2231; x_wconf 24' lang='lat' dir='ltr'>civi-tate</span> <span class='ocrx_word' id='word_1_110' title='bbox 1682 2133 2023 2230; x_wconf 74' lang='lat' dir='ltr'>consequi</span> <span class='ocrx_word' id='word_1_111' title='bbox 2047 2135 2288 2206; x_wconf 86' lang='lat' dir='ltr'>liceret</span> <span class='ocrx_word' id='word_1_112' title='bbox 2309 2184 2334 2221; x_wconf 93' lang='lat'>,</span> 
     </span>
     <span class='ocr_line' id='line_1_18' title="bbox 421 2248 2344 2346; baseline -0.003 -24"><span class='ocrx_word' id='word_1_113' title='bbox 421 2251 523 2322; x_wconf 83' lang='lat' dir='ltr'>ita</span> <span class='ocrx_word' id='word_1_114' title='bbox 571 2253 800 2345; x_wconf 86' lang='lat' dir='ltr'>privat</span> <span class='ocrx_word' id='word_1_115' title='bbox 906 2303 929 2340; x_wconf 93' lang='lat'>,</span> <span class='ocrx_word' id='word_1_116' title='bbox 977 2251 1332 2346; x_wconf 84' lang='lat' dir='ltr'>quamdiu</span> <span class='ocrx_word' id='word_1_117' title='bbox 1387 2251 1641 2321; x_wconf 83' lang='lat' dir='ltr'>mansit</span> <span class='ocrx_word' id='word_1_118' title='bbox 1677 2251 1751 2322; x_wconf 86' lang='lat' dir='ltr'>in</span> <span class='ocrx_word' id='word_1_119' title='bbox 1798 2251 1985 2336; x_wconf 85' lang='lat' dir='ltr'>vita,</span> <span class='ocrx_word' id='word_1_120' title='bbox 2022 2248 2207 2320; x_wconf 76' lang='lat' dir='ltr'>vixit</span> <span class='ocrx_word' id='word_1_121' title='bbox 2246 2263 2344 2316; x_wconf 84' lang='lat' dir='ltr'>ta-</span> 
     </span>
     <span class='ocr_line' id='line_1_19' title="bbox 421 2355 2339 2452; baseline -0.005 -18"><span class='ocrx_word' id='word_1_122' title='bbox 421 2385 636 2449; x_wconf 84' lang='lat' dir='ltr'>men,</span> <span class='ocrx_word' id='word_1_123' title='bbox 681 2376 766 2433; x_wconf 88' lang='lat' dir='ltr'>ut</span> <span class='ocrx_word' id='word_1_124' title='bbox 855 2361 966 2430; x_wconf 78' lang='lat' dir='ltr'>iris</span> <span class='ocrx_word' id='word_1_125' title='bbox 1005 2361 1228 2432; x_wconf 75' lang='lat' dir='ltr'>totius</span> <span class='ocrx_word' id='word_1_126' title='bbox 1267 2361 1564 2432; x_wconf 82' lang='lat' dir='ltr'>civitatis</span> <span class='ocrx_word' id='word_1_127' title='bbox 1606 2360 1970 2431; x_wconf 79' lang='lat' dir='ltr'>Romanae</span> <span class='ocrx_word' id='word_1_128' title='bbox 2012 2355 2339 2452; x_wconf 80' lang='lat' dir='ltr'>amplissi-</span> 
     </span>
     <span class='ocr_line' id='line_1_20' title="bbox 425 2469 2339 2561; baseline -0.002 -18"><span class='ocrx_word' id='word_1_129' title='bbox 425 2471 558 2543; x_wconf 80' lang='lat' dir='ltr'>mis</span> <span class='ocrx_word' id='word_1_130' title='bbox 582 2521 603 2559; x_wconf 95' lang='lat'>,</span> <span class='ocrx_word' id='word_1_131' title='bbox 653 2496 694 2543; x_wconf 89' lang='lat' dir='ltr'>e</span> <span class='ocrx_word' id='word_1_132' title='bbox 771 2471 1216 2544; x_wconf 79' lang='lat' dir='ltr'>ornatissimis</span> <span class='ocrx_word' id='word_1_133' title='bbox 1243 2524 1266 2561; x_wconf 91' lang='lat'>,</span> <span class='ocrx_word' id='word_1_134' title='bbox 1325 2488 1400 2547; x_wconf 89' lang='lat' dir='ltr'>et</span> <span class='ocrx_word' id='word_1_135' title='bbox 1449 2469 1897 2545; x_wconf 79' lang='lat' dir='ltr'>nobilissimis</span> <span class='ocrx_word' id='word_1_136' title='bbox 1954 2469 2339 2542; x_wconf 69' lang='lat' dir='ltr'>carissimus</span> 
     </span>
    </p>
   </div>
   <div class='ocr_carea' id='block_1_4' title="bbox 61 2072 1032 3663">
    <p class='ocr_par' dir='ltr' id='par_1_4' title="bbox 61 2072 1032 3663">
     <span class='ocr_line' id='line_1_21' title="bbox 873 2072 1032 2199; baseline 0 0"><span class='ocrx_word' id='word_1_137' title='bbox 873 2072 1032 2199; x_wconf 95' lang='lat' dir='ltr'>   </span> 
     </span>
     <span class='ocr_line' id='line_1_22' title="bbox 530 2607 684 2754; baseline 0 -110"><span class='ocrx_word' id='word_1_138' title='bbox 530 2607 684 2754; x_wconf 95' lang='lat' dir='ltr'>  </span> 
     </span>
     <span class='ocr_line' id='line_1_23' title="bbox 61 2836 553 3663; baseline 0 -608"><span class='ocrx_word' id='word_1_139' title='bbox 61 2974 427 3663; x_wconf 95' lang='lat' dir='ltr'>  </span> <span class='ocrx_word' id='word_1_140' title='bbox 409 2836 553 2974; x_wconf 95' lang='lat' dir='ltr'>  </span> 
     </span>
    </p>
   </div>
   <div class='ocr_carea' id='block_1_5' title="bbox 425 2692 2416 3549">
    <p class='ocr_par' dir='ltr' id='par_1_5' title="bbox 425 2692 2416 3549">
     <span class='ocr_line' id='line_1_24' title="bbox 661 2692 2343 2788; baseline 0.001 -25"><span class='ocrx_word' id='word_1_141' title='bbox 661 2708 867 2765; x_wconf 84' lang='lat' dir='ltr'>antus</span> <span class='ocrx_word' id='word_1_142' title='bbox 891 2709 1132 2764; x_wconf 89' lang='lat' dir='ltr'>autem</span> <span class='ocrx_word' id='word_1_143' title='bbox 1153 2703 1368 2786; x_wconf 71' lang='lat' dir='ltr'>poeta</span> <span class='ocrx_word' id='word_1_144' title='bbox 1392 2693 1476 2761; x_wconf 81' lang='lat' dir='ltr'>sit</span> <span class='ocrx_word' id='word_1_145' title='bbox 1507 2692 1911 2783; x_wconf 81' lang='lat' dir='ltr'>Lucretius,</span> <span class='ocrx_word' id='word_1_146' title='bbox 1940 2717 2158 2788; x_wconf 86' lang='lat' dir='ltr'>quam</span> <span class='ocrx_word' id='word_1_147' title='bbox 2186 2714 2343 2765; x_wconf 85' lang='lat' dir='ltr'>acu·</span> 
     </span>
     <span class='ocr_line' id='line_1_25' title="bbox 425 2801 2341 2896; baseline 0 -26"><span class='ocrx_word' id='word_1_148' title='bbox 425 2815 460 2870; x_wconf 88' lang='lat' dir='ltr'>t</span> <span class='ocrx_word' id='word_1_149' title='bbox 557 2817 633 2870; x_wconf 89' lang='lat' dir='ltr'>et</span> <span class='ocrx_word' id='word_1_150' title='bbox 679 2802 818 2871; x_wconf 86' lang='lat' dir='ltr'>acri</span> <span class='ocrx_word' id='word_1_151' title='bbox 869 2801 1203 2896; x_wconf 84' lang='lat' dir='ltr'>ingenio,</span> <span class='ocrx_word' id='word_1_152' title='bbox 1267 2810 1534 2891; x_wconf 87' lang='lat' dir='ltr'>quanta</span> <span class='ocrx_word' id='word_1_153' title='bbox 1574 2801 1674 2871; x_wconf 75' lang='lat' dir='ltr'>&#39;sit</span> <span class='ocrx_word' id='word_1_154' title='bbox 1726 2803 2048 2875; x_wconf 78' lang='lat' dir='ltr'>carmin-is</span> <span class='ocrx_word' id='word_1_155' title='bbox 2102 2802 2195 2871; x_wconf 91' lang='lat' dir='ltr'>ab</span> <span class='ocrx_word' id='word_1_156' title='bbox 2250 2824 2341 2871; x_wconf 92' lang='lat' dir='ltr'>eo</span> 
     </span>
     <span class='ocr_line' id='line_1_26' title="bbox 533 2910 2339 3007; baseline -0.003 -26"><span class='ocrx_word' id='word_1_157' title='bbox 533 2911 664 3003; x_wconf 81' lang='lat' dir='ltr'>‘pti</span> <span class='ocrx_word' id='word_1_158' title='bbox 690 2961 712 2997; x_wconf 99' lang='lat'>,</span> <span class='ocrx_word' id='word_1_159' title='bbox 769 2911 1060 3007; x_wconf 82' lang='lat' dir='ltr'>gravitas</span> <span class='ocrx_word' id='word_1_160' title='bbox 1115 2934 1194 2980; x_wconf 89' lang='lat' dir='ltr'>ac</span> <span class='ocrx_word' id='word_1_161' title='bbox 1245 2910 1603 3000; x_wconf 71' lang='lat' dir='ltr'>maiestaS,</span> <span class='ocrx_word' id='word_1_162' title='bbox 1650 2932 1961 3005; x_wconf 82' lang='lat' dir='ltr'>quantus</span> <span class='ocrx_word' id='word_1_163' title='bbox 2014 2926 2339 2995; x_wconf 77' lang='lat' dir='ltr'>ornatus,</span> 
     </span>
     <span class='ocr_line' id='line_1_27' title="bbox 427 3021 2341 3116; baseline -0.002 -25"><span class='ocrx_word' id='word_1_164' title='bbox 427 3042 652 3115; x_wconf 88' lang='lat' dir='ltr'>quam</span> <span class='ocrx_word' id='word_1_165' title='bbox 678 3022 962 3116; x_wconf 85' lang='lat' dir='ltr'>pulchri</span> <span class='ocrx_word' id='word_1_166' title='bbox 995 3037 1068 3090; x_wconf 85' lang='lat' dir='ltr'>et</span> <span class='ocrx_word' id='word_1_167' title='bbox 1101 3021 1429 3115; x_wconf 86' lang='lat' dir='ltr'>praeclari</span> <span class='ocrx_word' id='word_1_168' title='bbox 1456 3047 1689 3093; x_wconf 81' lang='lat' dir='ltr'>versus</span> <span class='ocrx_word' id='word_1_169' title='bbox 1709 3076 1730 3111; x_wconf 91' lang='lat'>‚</span> <span class='ocrx_word' id='word_1_170' title='bbox 1776 3040 2044 3116; x_wconf 86' lang='lat' dir='ltr'>quanta</span> <span class='ocrx_word' id='word_1_171' title='bbox 2080 3042 2341 3089; x_wconf 79' lang='lat' dir='ltr'>sermo-</span> 
     </span>
     <span class='ocr_line' id='line_1_28' title="bbox 428 3128 2416 3227; baseline -0.001 -26"><span class='ocrx_word' id='word_1_172' title='bbox 428 3131 540 3201; x_wconf 67' lang='lat' dir='ltr'>nie</span> <span class='ocrx_word' id='word_1_173' title='bbox 587 3129 970 3226; x_wconf 81' lang='lat' dir='ltr'>elegantia,</span> <span class='ocrx_word' id='word_1_174' title='bbox 1037 3130 1430 3227; x_wconf 80' lang='lat' dir='ltr'>integritas,</span> <span class='ocrx_word' id='word_1_175' title='bbox 1497 3148 1757 3223; x_wconf 89' lang='lat' dir='ltr'>atque,</span> <span class='ocrx_word' id='word_1_176' title='bbox 1804 3148 1887 3199; x_wconf 86' lang='lat' dir='ltr'>ut</span> <span class='ocrx_word' id='word_1_177' title='bbox 1934 3132 2027 3201; x_wconf 89' lang='lat' dir='ltr'>ita</span> <span class='ocrx_word' id='word_1_178' title='bbox 2069 3128 2338 3218; x_wconf 86' lang='lat' dir='ltr'>dicam,</span> <span class='ocrx_word' id='word_1_179' title='bbox 2411 3148 2416 3153; x_wconf 88' lang='grc'><strong><em>·</em></strong></span> 
     </span>
     <span class='ocr_line' id='line_1_29' title="bbox 429 3238 2339 3331; baseline -0.001 -20"><span class='ocrx_word' id='word_1_180' title='bbox 429 3238 932 3325; x_wconf 73' lang='lat' dir='ltr'>sanitas,·cum</span> <span class='ocrx_word' id='word_1_181' title='bbox 992 3262 1244 3309; x_wconf 87' lang='lat' dir='ltr'>omnes</span> <span class='ocrx_word' id='word_1_182' title='bbox 1281 3240 1576 3323; x_wconf 81' lang='lat' dir='ltr'>eruditi,</span> <span class='ocrx_word' id='word_1_183' title='bbox 1623 3239 1751 3331; x_wconf 87' lang='lat' dir='ltr'>qui</span> <span class='ocrx_word' id='word_1_184' title='bbox 1787 3238 2001 3309; x_wconf 90' lang='lat' dir='ltr'>hodie</span> <span class='ocrx_word' id='word_1_185' title='bbox 2039 3239 2339 3327; x_wconf 87' lang='lat' dir='ltr'>vivunt,</span> 
     </span>
     <span class='ocr_line' id='line_1_30' title="bbox 428 3348 2339 3444; baseline 0.002 -25"><span class='ocrx_word' id='word_1_186' title='bbox 428 3348 882 3444; x_wconf 85' lang='lat' dir='ltr'>intelligunt3</span> <span class='ocrx_word' id='word_1_187' title='bbox 927 3369 1089 3421; x_wconf 85' lang='lat' dir='ltr'>tum</span> <span class='ocrx_word' id='word_1_188' title='bbox 1145 3348 1271 3442; x_wconf 88' lang='lat' dir='ltr'>qui</span> <span class='ocrx_word' id='word_1_189' title='bbox 1317 3366 1603 3441; x_wconf 84' lang='lat' dir='ltr'>patrum</span> <span class='ocrx_word' id='word_1_190' title='bbox 1656 3365 2055 3417; x_wconf 75' lang='lat' dir='ltr'>nostrorum</span> <span class='ocrx_word' id='word_1_191' title='bbox 2110 3368 2339 3423; x_wconf 85' lang='lat' dir='ltr'>aetate</span> 
     </span>
     <span class='ocr_line' id='line_1_31' title="bbox 433 3457 2339 3549; baseline 0.002 -20"><span class='ocrx_word' id='word_1_192' title='bbox 433 3458 872 3544; x_wconf 85' lang='lat' dir='ltr'>floruerunt,</span> <span class='ocrx_word' id='word_1_193' title='bbox 909 3484 999 3531; x_wconf 93' lang='lat' dir='ltr'>eo</span> <span class='ocrx_word' id='word_1_194' title='bbox 1025 3460 1336 3531; x_wconf 82' lang='lat' dir='ltr'>maxime</span> <span class='ocrx_word' id='word_1_195' title='bbox 1372 3460 1859 3541; x_wconf 85' lang='lat' dir='ltr'>declararunt,</span> <span class='ocrx_word' id='word_1_196' title='bbox 1897 3457 2098 3549; x_wconf 89' lang='lat' dir='ltr'>quod</span> <span class='ocrx_word' id='word_1_197' title='bbox 2143 3459 2339 3533; x_wconf 87' lang='lat' dir='ltr'>hunc</span> 
     </span>
    </p>
   </div>
   <div class='ocr_carea' id='block_1_6' title="bbox 406 3566 2342 3663">
    <p class='ocr_par' dir='ltr' id='par_1_6' title="bbox 406 3566 2342 3663">
     <span class='ocr_line' id='line_1_32' title="bbox 406 3566 2342 3663; baseline -0.001 -24"><span class='ocrx_word' id='word_1_198' title='bbox 406 3580 720 3661; x_wconf 64' lang='lat' dir='ltr'>-poetam</span> <span class='ocrx_word' id='word_1_199' title='bbox 749 3566 1068 3663; x_wconf 79' lang='lat' dir='ltr'>inprimis</span> <span class='ocrx_word' id='word_1_200' title='bbox 1110 3570 1449 3641; x_wconf 74' lang='lat' dir='ltr'>amabant</span> <span class='ocrx_word' id='word_1_201' title='bbox 1475 3584 1548 3641; x_wconf 89' lang='lat' dir='ltr'>et</span> <span class='ocrx_word' id='word_1_202' title='bbox 1592 3567 2019 3639; x_wconf 86' lang='lat' dir='ltr'>lectitabant.</span> <span class='ocrx_word' id='word_1_203' title='bbox 2052 3566 2198 3637; x_wconf 88' lang='lat' dir='ltr'>Sed</span> <span class='ocrx_word' id='word_1_204' title='bbox 2230 3569 2342 3637; x_wconf 90' lang='lat' dir='ltr'>ul-</span> 
     </span>
    </p>
   </div>
   <div class='ocr_carea' id='block_1_7' title="bbox 426 3678 2345 3999">
    <p class='ocr_par' dir='ltr' id='par_1_7' title="bbox 426 3678 2345 3999">
     <span class='ocr_line' id='line_1_33' title="bbox 426 3678 2345 3773; baseline 0.001 -24"><span class='ocrx_word' id='word_1_205' title='bbox 426 3679 609 3750; x_wconf 76' lang='lat' dir='ltr'>tima</span> <span class='ocrx_word' id='word_1_206' title='bbox 649 3682 767 3751; x_wconf 89' lang='lat' dir='ltr'>illa</span> <span class='ocrx_word' id='word_1_207' title='bbox 805 3698 877 3753; x_wconf 90' lang='lat' dir='ltr'>et</span> <span class='ocrx_word' id='word_1_208' title='bbox 896 3682 1207 3751; x_wconf 85' lang='lat' dir='ltr'>maxime</span> <span class='ocrx_word' id='word_1_209' title='bbox 1233 3679 1673 3770; x_wconf 89' lang='lat' dir='ltr'>veneranda,</span> <span class='ocrx_word' id='word_1_210' title='bbox 1723 3696 1983 3773; x_wconf 86' lang='lat' dir='ltr'>utpote</span> <span class='ocrx_word' id='word_1_211' title='bbox 2004 3678 2345 3751; x_wconf 79' lang='lat' dir='ltr'>nondum</span> 
     </span>
     <span class='ocr_line' id='line_1_34' title="bbox 433 3788 2343 3887; baseline -0.002 -27"><span class='ocrx_word' id='word_1_212' title='bbox 433 3788 820 3887; x_wconf 75' lang='lat' dir='ltr'>peregrinis</span> <span class='ocrx_word' id='word_1_213' title='bbox 871 3790 1194 3861; x_wconf 75' lang='lat' dir='ltr'>sordibus</span> <span class='ocrx_word' id='word_1_214' title='bbox 1247 3791 1471 3866; x_wconf 84' lang='lat' dir='ltr'>oblita</span> <span class='ocrx_word' id='word_1_215' title='bbox 1497 3840 1522 3879; x_wconf 89' lang='lat'>,</span> <span class='ocrx_word' id='word_1_216' title='bbox 1582 3788 1963 3885; x_wconf 76' lang='lat' dir='ltr'>antiquitas</span> <span class='ocrx_word' id='word_1_217' title='bbox 2009 3810 2163 3862; x_wconf 87' lang='lat' dir='ltr'>non</span> <span class='ocrx_word' id='word_1_218' title='bbox 2206 3788 2343 3857; x_wconf 89' lang='lat' dir='ltr'>ob-</span> 
     </span>
     <span class='ocr_line' id='line_1_35' title="bbox 439 3898 1210 3999; baseline 0 -29"><span class='ocrx_word' id='word_1_219' title='bbox 439 3918 642 3972; x_wconf 70' lang='lat' dir='ltr'>scure</span> <span class='ocrx_word' id='word_1_220' title='bbox 670 3898 744 3971; x_wconf 87' lang='lat' dir='ltr'>id</span> <span class='ocrx_word' id='word_1_221' title='bbox 778 3898 1210 3999; x_wconf 80' lang='lat' dir='ltr'>significavit.</span> 
     </span>
    </p>
   </div>
  </div>
 </body>
</html>
