3117 5050
849 474 1478 541 LIBERVI.
1557 435 1844 556 v.1'017.
2187 473 2306 554 24⁵

384 627 663 708 Cunque
681 623 866 688 Iocus
878 668 898 706 ,
924 620 1067 686 sive
1092 642 1175 684 ex
1194 628 1568 688 transvorso
1583 664 1606 703 ,
1627 617 1768 685 sive
1785 639 2070 704 superne
2084 667 2105 705 ,
2182 625 2187 630 ’

382 735 683 816 Corpora
700 730 1016 794 continuo
1035 727 1111 792 in
1129 747 1416 793 vacuum
1436 727 1660 792 vicina
1681 728 2005 792 feruntur.

382 838 651 924 Quippe
677 836 1013 924 agitantur
1035 836 1217 900 enim
1243 835 1459 924 plagis
1482 833 1788 917 aliunde,
1817 855 1942 898 nec
1970 832 2117 918 ipsa

382 946 630 1028 Sponte
646 965 767 1008 sua
785 963 1045 1008 sursum
1071 951 1346 1030 possunt
1370 961 1766 1030 consurgere
1791 939 1864 1003 in
1886 959 2106 1010 ‚auras-
2156 993 2162 998 .

459 1051 613 1112 Huc
630 1048 884 1113 accedit
908 1047 1103 1128 item,
1137 1065 1344 1127 quare
1375 1055 1575 1127 queat
1602 1046 1677 1108 id
1703 1045 1922 1134 magis
1945 1064 2120 1114 esse:

379 1151 582 1235 Quod
604 1149 806 1214 simul
826 1170 868 1213 a
898 1150 1116 1213 fronte
1136 1157 1232 1212 est
1250 1148 1503 1211 annelli
1524 1149 1744 1212 rarior
1763 1156 1886 1214 a‘e‘r

378 1259 643 1340 Factus,
670 1255 1094 1337 inanitusque
1118 1256 1303 1318 locus
1324 1252 1534 1340 magis
1556 1273 1634 1318 ac
1650 1263 1999 1338 vacuatus;

380 1358 715 1424 Continuo
740 1357 849 1443 fit,
874 1356 974 1420 uti
988 1402 1008 1440 ,
1033 1355 1152 1439 qui
1173 1364 1323 1440 post
1342 1364 1438 1421 est
1462 1372 1734 1436 cunque
1747 1356 2002 1422 locatus

378 1470 537 1549 Aer,
566 1486 608 1529 a
628 1474 812 1554 tergo
845 1466 1036 1548 quasi
1053 1466 1375 1554 provehat
1401 1471 1600 1548 atque
1627 1465 1982 1549 propellat.

378 1571 654 1651 Semper
672 1569 854 1634 enim
880 1567 1129 1632 circum
1150 1565 1399 1651 positus
1420 1588 1525 1631 res
1554 1569 1861 1632 verberat
1884 1571 2020 1632 δέν.

378 1673 508 1737 Sed
526 1673 644 1736 tali
663 1671 738 1736 fit
764 1671 867 1736 uti
894 1674 1225 1760 propellat
1256 1682 1555 1759 tempore
1581 1673 1868 1757 ferrum,
1946 1759 1950 1764 .

375 1780 570 1843 Parte
595 1781 779 1861 quod
798 1801 882 1843 ex
908 1801 1043 1844 una
1067 1780 1355 1865 spatium
1370 1789 1597 1865 vacat,
1623 1791 1688 1846 et
1716 1782 1896 1866 capit
1918 1779 1993 1846 in
2013 1799 2102 1848 se

375 1887 507 1951 Hic
532 1887 685 1971 tihi,
707 1909 909 1970 quem
942 1900 1277 1973 memoro,
1307 1911 1434 1974 per
1449 1893 1685 1955 crebra·
1701 1891 2042 1960 foramina
2061 1885 2222 2006 ferri

374 1993 622 2056 Pax-vas
648 1995 735 2056 ad
749 1993 997 2077 parteis
1016 1995 1345 2060 subtiliter
1365 1995 1774 2082 insinuatus,

372 2100 613 2164 'l'mdit
631 2111 695 2163 et
716 2099 1019 2184 impellit.
1041 2101 1227 2183 quasi
1253 2122 1456 2167 naves
1486 2105 1778 2185 velaque
1797 2093 2038 2186 ventis,

238 2202 253 2220 ⁰
370 2207 556 2271 Haec
584 2225 852 2286 quoque
875 2227 982 2270 res
1004 2205 1397 2270 adiumento
1411 2219 1734 2292 motusque
1752 2209 2041 2274 iuvatur.
2147 2213 2306 2280 103·

453 2313 762 2395 Denique
781 2334 888 2378 res
914 2333 1146 2381 omnes
1176 2317 1464 2381 debent
1442 2339 1517 2380 m
1540 2337 1824 2402 corpore
1849 2320 2098 2383 habere

374 2420 547 2482 A‘era
558 2420 1145 2503 ,quandoquidem
1164 2441 1319 2488 raro
1344 2432 1501 2488 sunt
1522 2444 1836 2510 corpore,
1867 2436 1932 2488 et
1959 2429 2076 2488 aer

374 2525 706 2591 Omnibus
726 2536 825 2593 est
845 2530 1044 2593 rebus
1066 2528 1517 2595 circumdatus
1534 2531 2032 2613 appositusque.

372 2626 503 2697 ch
537 2634 770 2721 igitur,
803 2636 1069 2721 penitus
1100 2637 1218 2717 qui
1242 2636 1319 2697 in
1344 2636 1521 2703 ferro
1543 2645 1642 2698 est
1661 2635 1958 2716 abditus,
1985 2639 2102 2697 aer

273 2754 288 2765 ·
374 2739 671 2829 Sollicito
697 2750 889 2803 motu
900 2758 1164 2822 semper
1189 2738 1497 2823 iactatur,
1520 2760 1734 2823 eoque

374 2848 699 2912 Verberat
724 2848 1071 2911 annellum
1089 2847 1295 2911 dubio
1318 2850 1590 2931 procul:
1625 2858 1692 2911 et
1730 2846 1856 2911 ciet
1879 2846 2057 2911 intus

372 2947 670 3011 Scilicet:
698 2958 897 3030 atque
928 2950 1165 3012 eodem
1198 2949 1439 3033 fertur,
1472 2970 1612 3032 quo
1633 2945 2101 3035 praecipitavit

372 3048 515 3112 Iam
547 3050 782 3132 semel,
821 3061 889 3113 et
912 3068 1193 3115 vacuam
1217 3061 1481 3135 partem
1501 3052 1576 3115 in
1612 3049 1962 3116 conamina
1983 3046 2234 3116 sumsit.

455 3154 558 3217 Fit
580 3170 871 3237 quoque,
898 3164 975 3217 ut
994 3176 1035 3219 a
1050 3155 1273 3239 lapide
1290 3159 1424 3218 hoc
1432 3154 1599 3219 ferri
1619 3164 1862 3219 natura
1877 3156 2142 3219 recedat

368 3256 747 3341 Interdum,
775 3259 1008 3345 fugere
1034 3246 1234 3341 atque
1256 3258 1449 3340 sequi
1469 3267 1780 3323 consueta
1807 3258 2134 3325 vicissim-

452 3366 792 3428 Exsultare
813 3364 1013 3428 etiam
1036 3366 1491 3429 Samothracia
1514 3367 1729 3429 ferrea
1745 3365 1892 3430 vidi
1905 3412 1926 3447 ,

368 3468 467 3533 Ac
498 3478 798 3531 ramenta
816 3464 1019 3532 simul
1048 3466 1209 3533 ferri
1236 3470 1465 3534 funere
1496 3468 1956 3537 intusahenis.

372 3571 454 3632 In
478 3570 765 3653 scaphiis
779 3618 800 3654 ,
828 3572 999 3656 lapis
1029 3573 1142 3640 hic
1164 3576 1436 3662 Magnes
1455 3595 1660 3657 quom
1679 3576 1980 3641 subditus
1998 3582 2200 3642 esset:

375 3676 599 3757 Usque
624 3678 793 3740 adeo
811 3678 1043 3766 fugere
1071 3699 1113 3742 a
1132 3700 1290 3745 saxo
1315 3682 1557 3767 gestire
1575 3674 1874 3766 videtur,
1982 3725 1987 3732 -

373 3786 543 3849 Aere
576 3782 999 3869 interposit03
1022 3788 1350 3855 discordia
1380 3800 1556 3853 tanta
1577 3802 1868 3856 creatur.

372 3886 786 3974 Propterea,
788 3891 951 3973 quia
980 3891 1301 3957 nimirum
1329 3893 1517 3978 prius
1548 3904 1764 3961 aestus
1789 3894 1909 3960 ubi
1923 3895 2094 3965 actis

3003 4628 3020 4635 ,.

2905 4652 2910 4654 .
2929 4620 3064 4656 ..ᾖ-ς’
