3117 5050
839 463 1251 528 LIBER
1325 467 1379 529 1.
1459 485 1713 553 v.4o9.
2152 485 2226 558 ²⁶7

310 593 583 672 Talibus
605 607 678 670 in
703 607 900 672 rebus
915 607 1160 690 poteris
1173 615 1565 692 ‚caecaque
1584 609 1867 675 latebras

310 711 652 776 Insinuare
679 711 964 794 omneis,
987 721 1053 777 et
1075 733 1308 780 verum
1334 713 1719 796 protrahere
1740 711 1917 776 inde.
2096 790 2099 796 Ι

392 817 591 902 Quod
607 816 664 880 si
690 815 1006 903 pigraris,
1025 819 1413 902 paullumve
1438 819 1812 890 rescesseris
1836 822 1955 884 abs
1978 841 2085 906 rc,

309 924 458 986 Hoc
479 922 602 988 tihi
627 925 710 988 de
720 925 936 1008 ‘plano
953 945 1222 1008 possum
1245 923 1660 1008 promittere,
1688 924 1997 988 Meminit

306 1033 528 1112 Usque
553 1032 724 1095 adeo
741 1033 964 1120 largos
981 1033 1252 1094 haustus
1282 1031 1366 1094 de
1390 1029 1670 1095 fontibu’
1690 1025 1951 1122 magnis

306 1132 564 1224 Lingua
589 1157 742 1200 meo
769 1133 994 1201 suavis
1017 1132 1143 1199 diti
1163 1135 1250 1196 de
1273 1143 1540 1218 pectore
1572 1135 1843 1218 fundet,

309 1241 397 1306 Ut
418 1261 684 1326 verear,
705 1265 790 1306 ne
811 1245 997 1306 tarda
1022 1243 1208 1325 prius
1228 1263 1353 1324 per.
1371 1241 1675 1304 membra
1703 1252 2003 1310 senectus

305 1349 536 1432 Serpat
548 1395 568 1430 ,
591 1360 658 1412 et
680 1349 756 1412 in
781 1349 976 1414 nobis
1004 1349 1166 1412 vitai
1195 1349 1476 1411 claustra
1505 1349 1819 1433 resolvat,-

306 1453 528 1538 Quam
553 1452 672 1515 tihi
699 1455 782 1515 de
817 1452 1050 1533 quavis
1079 1471 1216 1514 una
1241 1473 1315 1514 re
1335 1451 1633 1516 versibus
1656 1452 1877 1516 omnis

306 1561 864 1645 Argumentorum
891 1556 975 1620 sit
1001 1554 1195 1638 copia
1218 1554 1417 1618 missa
1439 1575 1563 1638 per
1586 1555 1827 1618 aureis.
1933 1619 1941 1633 ,

305 1663 436 1726 Sed
467 1682 671 1746 nunc,
698 1671 774 1725 ut
796 1671 1092 1744 repetam
1121 1669 1431 1742 coeptum
1459 1672 1802 1743 pertexere
1830 1660 2041 1726 dictis.

389 1749 654 1852 Omnis,
670 1777 749 1830 ut
773 1779 900 1849 est,
918 1764 1158 1854 sigitur,
1179 1767 1301 1850 p'er
1319 1788 1389 1830 se
1403 1814 1422 1849 ,
1443 1777 1707 1848 natura,
1736 1769 1993 1834 duabus

306 1875 614 1940 Consistit
635 1879 862 1940 rebus:
887 1895 1044 1941 nam
1075 1895 1353 1959 corpora
1379 1887 1562 1958 sunt,
1584 1887 1651 1941 et
1673 1878 1907 1960 inane,

304 1985 488 2046 Haec
517 1983 588 2046 in
615 2003 750 2064 quo
773 1981 899 2049 sita
923 1990 1108 2064 sunt,
1128 1991 1195 2046 et
1219 2003 1351 2062 qua
1372 1981 1637 2044 divorsa
1666 1991 2038 2044 moventur.

307 2088 560 2170 Corpus
581 2070 762 2149 enim
781 2101 902 2169 per
925 2106 994 2148 se
1015 2082 1387 2148 communis
1409 2080 1672 2144 dedicat
1702 2101 1841 2144 esse

303 2193 575 2270 Sensus3
597 2192 760 2273 quoi
786 2193 917 2257 nisi
943 2191 1163 2275 prima
1189 2187 1653 2253 fides-fundata
1676 2189 1957 2272 valebit,
2108 2207 2231 2269 424

302 2297 504 2360 Haud
525 2298 684 2380 erit,
706 2297 982 2362 occultis
1007 2301 1094 2360 de
1115 2298 1312 2360 rebus
1343 2314 1478 2378 quo
1498 2295 1857 2359 referentes

305 2385 712 2466 confirmare
737 2402 996 2468 animos
1017 2403 1384 2484 quidquam
1420 2398 1677 2463 ratione
1702 2420 2047 2482 queamus.

302 2509 476 2572 Tum
504 2531 706 2594 porro
733 2511 947 2594 locus,
965 2530 1043 2574 ac
1068 2507 1389 2593 spatium,
1409 2508 1594 2589 quod
1610 2503 2183 2595 inane'vocamus‚

302 2615 371 2682 si
395 2617 658 2680 nullum
677 2618 882 2699 foret,
906 2620 1087 2681 haud
1111 2636 1444 2699 quaquam
1469 2614 1597 2679 sita
1617 2634 1896 2697 corpora
1920 2628 2184 2699 possent

300 2724 453 2803 Esse
469 2743 728 2804 ‚neque
747 2723 1024 2785 omnino
1043 2738 1377 2802 quoquam
1403 2715 1668 2779 divorsa
1691 2738 1943 2781 meare.

299 2826 378 2887 Id
406 2828 630 2905 quod
609 2849 752 2892 iam
771 2846 970 2909 supra
991 2826 1110 2888 tibi
1136 2825 1364 2907 paullo
1385 2821 1792 2887 ostendimus
1816 2834 1987 2887 ante.

360 2930 725 2995 Praeterea
749 2932 919 2995 nihil
941 2942 1068 3013 est,
1083 2930 1265 3011 quod
1286 2930 1494 3012 possis
1523 2930 1743 2993 dicere
1764 2932 1851 2993 ab
1874 2930 2061 2993 omni

305 3036 598 3117 corpore
621 3036 1015 3117 seiunctum,
1038 3046 1492 3116 secretumque
1523 3058 1661 3103 esse
1682 3040 1767 3097 ab
1793 3036 2014 3111 inani3

301 3140 500 3223 Quod
525 3141 714 3220 quasi
741 3142 930 3203 tertia
957 3142 1040 3203 sit
1065 3160 1342 3203 numero
1369 3151 1605 3201 natura
1632 3150 1912 3221 reperta.

301 3244 470 3305 Nam
493 3245 936 3325 quodcunque
959 3243 1110 3325 erit,
1129 3264 1266 3307 esse
1286 3242 1538 3323 aliquid
1561 3241 1827 3305 debebit
1851 3242 1924 3304 id
1952 3226 2171 3325 ipsum

305 3341 632 3429 Augmine
649 3346 756 3407 vel
772 3345 1043 3431 grandi,
1056 3347 1165 3413 vel
1187 3364 1396 3429 parvo
1417 3345 1734 3427 denique,
1755 3346 1914 3407 dum
1934 3344 2052 3423 εἰη

303 3448 526 3530 Quom
547 3446 607 3510 si
631 3456 837 3509 tactus
865 3448 987 3509 erit
1015 3442 1318 3529 quamuis
1339 3447 1538 3529 levis»,
1553 3448 1994 3533 exiguusque,
2044 3473 2049 3482 *

301 3550 610 3634 Corporis
627 3550 893 3639 augebit
909 3573 1260 3617 numerum
1273 3600 1292 3635 ‚
1309 3574 1767 3634 summamque
1786 3562 2129 3633 sequetur:

299 3657 416 3719 Sin
443 3657 734 3721 intactile
753 3658 903 3743 erit,
925 3662 1112 3721 nulla
1130 3662 1214 3722 de
1233 3672 1418 3742 parte
1447 3662 1629 3752 quod
1654 3661 1861 3722 ullam

295 3761 466 3824 Rem
483 3763 837 3845 prohibere
868 3774 1064 3845 queat
1083 3784 1204 3847 per
1221 3784 1290 3827 se
1319 3763 1595 3826 transire
1624 3771 1984 3825 meantem·
1964 3806 1985 3842 ‚

268 3865 561 3937 Scilicet
584 3868 712 3929 hoc
741 3866 815 3929 id
829 3866 950 3931 erit
973 3884 1252 3933 vacuum
1265 3909 1284 3947 ,
1305 3862 1534 3946 quod
1511 3882 1712 3927 mane
1727 3882 2061 3969 vocamus·

384 3960 392 3969 ⁶
489 3965 746 4039 Lutatius.
1720 3982 1753 4020 2
1896 3982 1899 3991 ·
