3117 5050
934 445 1049 522 164
1340 443 1471 505 DE
1526 439 1912 502 RERUM
1963 437 2396 500 NATURA
2444 507 2450 515 .
2551 453 2616 497 v-
2661 454 2757 516 27.
2851 429 2858 451 ¹

922 587 1159 671 Hydra
1174 633 1195 670 ,
1214 579 1549 647 venenatis
1574 587 1790 663 posset
1813 579 2056 640 vallata
2080 575 2364 641 colubris
2384 577 2416 638 ἰ’

920 692 1181 778 Quidve
1202 689 1551 771 tripectora
1585 681 1938 770 tergemini
1971 673 2070 746 vis
2103 679 2492 765 Geryonai?
2607 681 2610 683 ’
2669 765 2676 774 .

919 797 999 862 Et
1028 789 1367 858 Diomedis
1396 787 1585 870 equi,
1619 785 1938 871 spirantes
1975 785 2247 848 naribus
2275 785 2501 870 ignem
2521 831 2542 867 ,

916 895 1227 975 Thracia,
1258 893 1706 973 Bistoniasque
1731 894 1958 978 plagas
1975 937 1994 973 ,
2019 901 2217 971 atque
2236 891 2480 954 Ismara
2503 897 2802 976 propter,

915 1003 1285 1082 Tantopere
1312 995 1648 1062 officerent
1671 995 1862 1060 nobis
1877 1042 1897 1079 ,
1929 993 2289 1081 [uncisque
2325 995 2652 1058 timendae

914 1103 1265 1190 Unguibus
1282 1149 1302 1184 ,
1335 1095 1655 1164 Arcadiae
1670 1101 1976 1162 volucres
1987 1098 2014 1183 ]
2051 1099 2438 1182 Stymphala
2469 1100 2754 1164 colentes
2768 1099 2798 1160 's’

908 1210 1255 1290 Aureaque
1287 1206 1726 1289 Hesperidum
1759 1225 2030 1279 servans
2056 1207 2379 1294 fulgentia
2407 1209 2614 1290 mala,

908 1316 1143 1395 Asper,
1180 1311 1417 1372 acerba
1454 1319 1638 1372 tuens
1655 1353 1675 1390 ,
1707 1308 1985 1372 immani
2015 1329 2292 1392 corpore
2321 1331 2617 1394 serpens,

907 1417 1177 1483 Arboris
1208 1409 1547 1498 amplexus
1573 1413 1870 1497 stirpem,
1901 1415 2068 1496 quid
2105 1416 2388 1497 denique
2417 1417 2701 1498 obesset,

904 1527 1180 1608 Propter
1209 1524 1584 1586 Atlanteum
1604 1522 1757 1586 litus
1773 1568 1793 1605 ,
1828 1524 2180 1608 pelagique
2204 1543 2426 1587 severa
2441 1567 2462 1602 ‚

904 1629 1055 1712 Quo
1075 1643 1291 1708 neque
1306 1635 1525 1688 noster
1550 1624 1690 1688 adit
1707 1645 2085 1707 quaquam,
2109 1645 2228 1686 nec
2247 1627 2562 1688 barbarus

1949 1732 2147 1794 audet
2167 1731 2195 1819 Β
2373 1713 2376 1720 '

980 1841 1207 1902 Cetera
1233 1841 1313 1902 de
1328 1857 1570 1926 genere
1594 1841 1724 1920 hoe
1745 1855 1914 1918 quae
1933 1846 2084 1899 sunt
2105 1843 2406 1918 portenta
2429 1845 2755 1919 peremta,

894 1941 1123 2005 Sinon
1148 1943 1321 2006 ‘victa
1342 1943 1583 2025 forent,
1607 1941 1770 2022 quid
1799 1943 2064 2004 tandem
2089 1940 2243 2003 viva
2267 1939 2622 2008 nocerent?

894 2047 1033 2130 Nil,
1066 2058 1136 2111 ut
1158 2047 1423 2130 opinor:
1456 2047 1547 2109 ita
1571 2049 1659 2110 ad
1675 2045 1972 2110 satiatem
2001 2056 2172 2109 terra
2197 2047 2485 2132 ferarum

892 2159 1081 2218 Nunc
1102 2145 1301 2218 etiam
1325 2155 1538 2238 scatit,
1569 2167 1634 2219 et
1659 2155 1916 2238 trepido
1944 2165 2196 2221 terrore
2219 2157 2468 2240 repleta
2489 2163 2619 2238 est,
2682 2169 2686 2178 “
2715 2172 2790 2231 4ι

864 2305 869 2310 -
888 2261 1017 2324 Per
1034 2277 1324 2340 nemora,
1344 2277 1421 2322 ae
1440 2260 1722 2324 monteis
1745 2279 2018 2348 magnos
2030 2307 2050 2344 ,
2065 2261 2390 2343 silvasque
2403 2260 2762 2344 profundas
2778 2281 2796 2320 s

793 2415 799 2422 .
889 2365 1076 2446 Quae
1101 2363 1249 2450 loca
1264 2361 1517 2425 vitandi
1539 2365 1934 2446 plerumque
1961 2374 2060 2446 est·
2076 2374 2298 2428 nostra
2316 2373 2617 2448 potestas.

964 2471 1049 2533 At
1067 2469 1193 2535 nisi
1209 2469 1562 2559 purgatum
1581 2479 1676 2537 est
1698 2483 1949 2557 peetuS,
1977 2491 2147 2553 quae
2170 2470 2421 2555 proelia
2441 2450 2662 2553 nobis,

881 2579 1096 2659 Atque
1118 2578 1415 2662 pericula
1430 2626 1447 2661 ,
1471 2588 1624 2643 sunt
1648 2572 1916 2666 ingratis
1938 2576 2454 2641 insinuandum?

884 2684 1184 2766 Quantae
1209 2693 1349 2746 turn
1368 2683 1674 2748 scindunt
1691 2682 2032 2746 hominem
2053 2682 2394 2766 cupedinis
2413 2702 2592 2746 aeres

880 2784 1248 2848 Sollicitum
1277 2788 1509 2849 curae?
1533 2785 1896 2867 quantique
1919 2785 2194 2871 perinde
2219 2786 2527 2849 timores?

881 2893 1142 2977 Quidve
1158 2866 1461 2977 superbia
1476 2940 1496 2975 ,
1528 2894 1878 2977 spurcitia,
1905 2904 1982 2956 ae
2003 2892 2388 2976 petulantia,
2412 2899 2686 2973 quantas

879 3000 1185 3065 Efficiunt
1212 2999 1492 3065 cladeis?
1514 2988 1676 3081 quid
1697 3000 1888 3063 luxus
1905 3048 1924 3081 ,
1949 2989 2360 3081 desidiaeque
2375 3002 2408 3061 'x'
2435 3075 2438 3081 Ι

957 3106 1359 3193 Hace-igitur
1374 3105 1490 3188 qui
1512 3114 1748 3169 cuncta
1769 3100 2132 3191 subegerit,
2153 3126 2234 3167 ex
2249 3087 2605 3186 animoque

875 3207 1215 3292 Expulerit
1237 3206 1427 3273 dictis
1444 3256 1463 3289 ,
1482 3228 1620 3271 non
1644 3208 2130 3283 armis3‘nonne
2157 3208 2438 3281 decebit,
2468 3220 2480 3235 ·

873 3310 1069 3372 Hunc
1088 3310 1429 3373 hominem
1455 3329 1736 3383 numero
1760 3308 2001 3371 Divom
2029 3306 2364 3395 dignarier
2389 3309 2570 3373 esse?

874 3410 1094 3491 Quom
1120 3413 1288 3475 bene
1316 3412 1698 3497 praesertim
1727 3413 1938 3477 multa
1963 3430 2042 3473 ae
2069 3410 2382 3475 divinitus
2399 3406 2559 3496 ipsis

810 3571 822 3587 s
870 3514 1013 3576 Iam
1042 3520 1411 3584 mortalibu’
1430 3522 1513 3582 de
1539 3518 1728 3583 Divis
1761 3520 1917 3581 dare
1943 3504 2116 3581 diofa
2135 3514 2372 3601 suerit,

869 3622 1081 3701 Atque
1098 3640 1362 3687 omnem
1386 3632 1622 3689 rerum'
1637 3634 1940 3689 naturam
1965 3626 2253 3708 pandere
2275 3624 2482 3701 dictis.

950 3724 1353 3812 Quoiusego
1379 3731 1703 3815 ingressus
1724 3730 2028 3816 vestigia,
2055 3732 2212 3791 dum
2239 3700 2524 3791 r'ationes

870 3833 1260 3911 Persequor,
1292 3836 1596 3897 ate-doceo
1619 3836 1832 3916 dietis,
1863 3856 1998 3915 quo
2025 3854 2324 3915 quaeque
2346 3842 2558 3908 creata
2625 3840 2629 3844 '
