3117 5050
800 400 917 461 104
1192 382 1322 445 DE
1374 368 1759 463 RERUM
1811 376 2242 442 NATURA
2331 398 2428 439 J.
2469 381 2606 459 674.

794 530 962 590 Nam
988 521 1045 589 si
1072 528 1409 604 tantopere
1438 528 1533 583 est
1558 516 1768 583 animi
1799 526 2048 583 mutata
2077 526 2358 601 potestas
2374 565 2394 602 ‚

797 630 1031 695 Omnis
1052 638 1124 691 ut
1145 636 1438 688 actarum
1468 624 1782 689 exciderit
1807 624 2155 689 retinentia
2183 648 2436 709 rerum;

793 738 940 799 Non
957 781 977 817 ‚
996 742 1069 797 ut
1104 732 1377 816 opinor,
1412 732 1484 795 id
1512 734 1751 797 ableto
1781 732 1916 794 iam
1947 732 2233 817 longiter
2255 741 2448 795 errat.

794 845 1210 927 Quapropter
1225 839 1481 904 fateare
1513 858 1772 905 necesse
1795 848 1923 919 est,
1955 859 2124 919 quae
2143 837 2270 901 fuit
2295 848 2477 919 ante,

792 946 1153 1024 Interiisse3
1180 956 1277 1030 et,
1298 961 1467 1029 quae
1490 929 1669 1009 nunc
1697 954 1791 1007 est
1807 989 1828 1026 ,
1851 964 2034 1007 nunc
2057 962 2193 1009 esse
2225 952 2528 1009 creatam.

869 1054 1245 1132 Praeterea,
1281 1050 1369 1132 si,
1387 1049 1530 1118 ,iam
1552 1048 1840 1133 perfecto
1877 1068 2184 1131 corpore,
2203 1048 2394 1115 nobis

790 1158 1028 1223 Inferri
1058 1158 1251 1223 solita
1280 1166 1374 1221 est
1411 1156 1616 1219 animi
1643 1154 1862 1217 vivata
1887 1163 2166 1238 potestas
2185 1199 2206 1235 ,

794 1260 968 1323 Tum
997 1278 1197 1341 quom
1216 1257 1592 1345 gignimur,
1612 1268 1676 1321 et
1698 1258 1873 1323 vitae
1899 1277 2104 1341 quom
2127 1255 2373 1351 limen
2353 1254 2635 1349 mimus
2611 1296 2632 1335 ‚

760 1388 767 1405 ·
791 1365 989 1428 Haud
1014 1362 1107 1425 ita
1138 1363 1598 1445 conveniebat,
1623 1363 1723 1425 uti
1756 1382 1922 1427 cum
1932 1382 2206 1447 corpore
2229 1373 2293 1426 et
2319 1382 2452 1425 una

713 1543 723 1552 -
792 1468 961 1531 Cum
996 1467 1310 1532 membris
1334 1465 1682 1531 videatur
1659 1490 1734 1530 ιιι
1759 1468 1906 1551 ipso
1941 1466 2262 1553 sanguine
2281 1483 2522 1547 cresse.

788 1572 947 1653 Sed,
957 1573 1153 1640 ‚velut
1184 1572 1255 1635 in
1286 1591 1481 1634 cavea
1498 1617 1519 1655 ‚
1546 1592 1667 1653 per
1695 1592 1766 1635 se
1794 1571 1921 1635 sibi
1947 1572 2167 1633 vivere
2205 1573 2416 1659 solam

792 1672 1155 1753 Convenit,
1180 1680 1253 1734 ut
1286 1688 1476 1737 sensu
1512 1690 1750 1767 corpus
1786 1682 2005 1735 tamen
2039 1671 2262 1733 affluat
2286 1689 2506 1733 omne.

792 1764 1014 1859 'Quare
1038 1766 1235 1839 etiam
1252 1782 1448 1859 atque
1472 1771 1673 1837 etiam
1705 1794 1918 1857 neque
1953 1771 2225 1859 originis
2259 1792 2393 1837 esse
2420 1784 2654 1857 putan-

764 1881 769 1887 '
1737 1876 1753 1894 ²
1853 1882 2014 1943 dum
2036 1889 2163 1945 est

792 1984 1129 2067 Experteis
1157 1985 1436 2067 animas,
1472 2006 1595 2049 nec
1624 1984 1739 2049 leti
1772 1986 1918 2073 lege
1947 1984 2214 2049 solutas.
2575 1987 2690 2065 687

792 2091 961 2151 Nam
984 2110 1197 2169 neque
1217 2099 1554 2173 tantopere
1587 2089 1850 2151 annecti
1871 2089 2157 2173 potuisse
2175 2089 2546 2171 putandum
2559 2097 2656 2153 est

792 2190 1197 2275 Corporibus
1222 2192 1497 2273 nostris,
1524 2190 1926 2258 extrinsecus
1947 2190 2340 2280 insinuatas,
2574 2204 2579 2215 '

790 2288 1032 2374 (Quod
1052 2286 1193 2353 fieri
1224 2300 1432 2355 totum
1452 2302 1679 2355 contra
1713 2294 2054 2357 manifesta
2081 2296 2271 2357 docet
2307 2315 2452 2359 res·

792 2396 1091 2475 Namque
1116 2392 1208 2456 ita
1242 2414 1536 2471 connexa
1563 2405 1653 2459 est
1672 2417 1792 2478 per
1820 2416 2019 2459 venas
2036 2441 2057 2479 ,
2077 2396 2366 2491 ‘visceraz
2400 2418 2636 2465 nervos
2645 2446 2666 2485 ‚

794 2495 1119 2588 Ossaque,
1150 2501 1249 2566 uti
1274 2504 1499 2568 dentes
1520 2525 1785 2586 quoque
1811 2518 2003 2569 sensu
2029 2504 2547 2590 participatum
2575 2575 2580 2578 ,

792 2610 1065 2672 Morbus
1085 2618 1157 2670 ut
1178 2607 1458 2690 indicat,
1494 2619 1557 2672 et
1587 2607 1830 2696 gelidai
1857 2609 2390 2698 stringor-aquai,

794 2711 877 2773 Et
900 2708 1071 2792 lapis
1091 2728 1437 2792 oppressus
1465 2710 1696 2774 subitis
1731 2731 1768 2772 e
1799 2710 2100 2796 frugibus
2129 2713 2402 2798 asper3)

706 2887 710 2891 ,
794 2815 965 2893 Nec,
997 2821 1130 2876 tam
1154 2821 1493 2900 contextae
1513 2833 1714 2898 quom
1737 2798 1900 2897 sint,
1929 2814 2109 2881 exire
2135 2817 2443 2887 videntur

794 2917 1168 2980 Incolumes
1202 2935 1422 3000 posse,
1456 2915 1758 2982 et'salvas
1795 2907 2129 2985 exsolvere
2151 2941 2290 2986 sese
2535 2998 2546 3008 x

746 3075 751 3080 .
798 3022 1124 3086 Omnibus
1152 3045 1188 3086 e
1222 3025 1471 3109 nervis,
1510 3035 1705 3110 atque
1732 3027 2015 3112 ossibus,
2051 3029 2491 3114 articulisque.

884 3133 1083 3216 Quod
1114 3135 1170 3196 si
1195 3134 1365 3200 forte
1392 3129 1619 3220 putas»,
1654 3135 2478 3204 extrinsecusinsinuatam

799 3244 1195 3324 Permanare
1234 3245 1526 3310 animam
1565 3245 1753 3310 nobis
1772 3268 1905 3330 ¹per
1941 3251 2240 3310 membra
2275 3250 2518 3328 solere;

799 3347 1013 3410 Tanto
1038 3348 1324 3432 quoique
1346 3352 1586 3438 magis,
1623 3375 1772 3426 cum
1803 3375 2082 3438 corpore
2107 3357 2274 3446 fusa,
2314 3355 2575 3439 peribit.

802 3453 1001 3536 Quod
1018 3468 1361 3537 permanat
1384 3460 1562 3522 enim
1578 3507 1598 3544 ,
1633 3461 2044 3528 dissolvitur:
2075 3463 2298 3527 interit
2325 3484 2504 3552 ergo·

800 3561 1155 3642 Dispertita
1190 3587 1351 3655 ergo
1380 3589 1503 3652 per
1527 3568 1744 3632 caulas
1777 3569 2070 3654 corporis
2095 3573 2350 3646 omneis
2369 3619 2390 3656 ,

800 3667 891 3728 Ut
920 3665 1148 3729 cibus
1128 3691 1201 3732 m
1228 3677 1525 3738 membra
1548 3685 1744 3766 atque
1770 3686 1957 3744 artus
1983 3703 2133 3746 cum
2157 3680 2405 3746 diditur
2431 3674 2699 3756 omneis

802 3765 1125 3852 Disperit‚
1154 3781 1348 3853 atque
1366 3776 1575 3891 aliam
1596 3789 1899 3849 naturam
1925 3779 2164 3848 sufficit
2181 3781 2384 3860 ᾳὲε·
2365 3825 2386 3860 ,
