3117 5050
40 177 46 226 —v-
40 71 49 116 v

896 428 1010 493 114
1170 480 1179 493 ,
1306 416 1445 475 DE
1503 402 1880 501 RERUM
1938 404 2379 501 Mrrmm
2477 439 2543 481 ν.
2583 422 2722 502 985.

960 552 1240 638 Respice
1264 551 1454 634 item,
1484 570 1688 634 quam
1718 552 1815 615 nil
1834 554 1920 616 ad
1949 572 2070 621 nos
2095 560 2392 621 anteacta
2413 567 2700 637 vetusta
2788 625 2795 634 ,,

878 659 1221 743 Temporis
1242 656 1492 720 aeterni
1522 658 1755 740 fuerit,
1785 677 1986 739 quam
2020 659 2357 725 nascimur
2379 672 2554 727 ante.

876 770 1023 832 Hoc
1041 762 1243 850 igitur
1264 763 1606 844 speculum
1631 762 1822 826 nohis
1849 774 2086 827 natura
2119 762 2330 827 futuri

877 867 1237 954 Temporis
1247 867 1520 952 exponit
1534 878 1684 952 post
1707 877 1989 933 mortem
2012 870 2300 953 denique
2325 878 2638 937 nostram.

874 980 1049 1043 Num
1075 975 1237 1057 quid
1258 974 1357 1038 ibi
1379 974 1702 1038 horribile
1732 976 2050 1058 apparet?
2075 979 2251 1041 Num
2269 974 2448 1040 triste
2471 976 2733 1042 videtur

872 1078 1253 1171 Quidquam
1268 1080 1299 1139 1²
1318 1081 1467 1139 Non
1492 1075 1942 1139 omnissomno
1963 1076 2255 1141 securius
2280 1087 2486 1142 exstat
2499 1080 2531 1140 Ρ

951 1184 1164 1263 Atque
1187 1179 1563 1251 animarum
1583 1177 1811 1261 etiam,
1839 1178 2278 1261 quaecunque
2299 1172 2712 1247 Acherunte
2761 1170 2764 1175 ¹

1927 1280 2262 1363 profundo

826 1429 831 1437 ι
866 1384 1133 1450 Prodita
1160 1389 1311 1447 sunt
1330 1392 1496 1464 esse,
1531 1378 1602 1443 in
1627 1380 1762 1461 vita
1787 1388 1941 1445 sunt
1956 1380 2188 1445 omnia
2207 1382 2431 1449 nobis=

864 1493 999 1554 Nec
1028 1487 1227 1551 miser
1256 1486 1646 1569 impendens
1675 1506 1994 1573 magnum
2032 1486 2218 1553 timet
2236 1493 2391 1553 aete
2413 1510 2650 1557 saxum

864 1594 1178 1657 Tantalus
1192 1637 1211 1675 ,
1247 1601 1321 1654 ut
1346 1591 1524 1654 fama
1548 1599 1673 1672 est,
1696 1610 1874 1655 cassa
1901 1591 2258 1657 formidine
2291 1604 2595 1677 torpens3

744 1756 771 1781 ⁸
862 1696 992 1759 Sed
1023 1692 1230 1780 magis
1258 1692 1333 1756 in
1368 1691 1507 1755 vita
1536 1688 1786 1758 Divom
1814 1703 2024 1758 metus
2062 1703 2252 1781 urget
2285 1691 2508 1777 inanis

860 1798 1230 1876 Mortaleis3
1254 1791 1607 1878 casumque
1627 1798 1887 1882 timent,
1911 1820 2106 1881 quem
2122 1796 2412 1882 quoique
2432 1800 2598 1864 serat
2616 1802 2770 1867 fors.

938 1902 1072 1962 Nec
1094 1899 1343 1981 Tityon
1366 1903 1668 1964 volucres
1695 1899 1962 1981 ineunt,
1983 1902 2357 1965 Acherunte
2373 1900 2729 1989 iacentem,

858 2005 1020 2084 Nec,
1042 2002 1225 2083 quod
1244 2004 1367 2065 sub
1389 2022 1635 2087 magno
1657 2013 2029 2067 scrutentur
2050 2014 2345 2088 pectore,
2371 2006 2738 2087 quidquam

855 2110 1245 2191 Perpetuam
1268 2116 1546 2170 aetatem
1573 2118 1886 2191 poterunt
1903 2108 2194 2193 reperire
2221 2110 2547 2193 profecto,
2642 2134 2761 2192 999

858 2210 1245 2297 Quamlibet
1270 2208 1551 2274 immani
1577 2211 1873 2295 proiectu
1906 2214 2199 2297 eorporis
2219 2224 2456 2298 exstet,
2506 2268 2515 2273 .

714 2367 719 2373 .
773 2377 777 2382 ,
855 2317 991 2404 Qui
1010 2338 1149 2380 non
1162 2318 1302 2381 sola
1324 2337 1565 2381 novem
1592 2315 1896 2399 dispersis
1921 2316 2152 2405 iugera
2175 2320 2488 2385 memhris
2563 2392 2575 2403 ,

747 2474 749 2477 ,
855 2422 1206 2504 obtineat,
1228 2425 1343 2487 sed
1372 2422 1489 2505 qui
1520 2424 1716 2485 terrai
1748 2421 1944 2487 totius
1968 2425 2242 2487 orbem:

790 2553 794 2558 ·
823 2530 1004 2590 'Non
1035 2537 1256 2593 tamen
1287 2538 1626 2592 aeternum
1649 2518 1894 2610 poterit
1919 2529 2215 2612 perferre
2243 2531 2580 2614 dolorem,

850 2637 911 2697 N
912 2657 986 2698 ec
1004 2638 1323 2718 praehere
1340 2637 1564 2699 cibum
1582 2633 1854 2718 proprio
1881 2635 1966 2698 de
1994 2653 2271 2722 corpore
2293 2656 2592 2719 semper:

798 2808 803 2814 ,
848 2741 977 2803 Sed
1008 2739 1241 2820 Tityos
1266 2739 1458 2802 nohis
1476 2727 1735 2820 hie'est,
1761 2737 1834 2800 in
1863 2756 2088 2800 amore
2121 2736 2441 2801 iacentem

848 2843 1063 2928 Quem
1084 2844 1390 2905 volucres
1408 2833 1729 2923 lacerant,
1753 2851 1951 2923 atque
1979 2853 2154 2908 exest
2173 2843 2406 2910 anxius
2424 2863 2668 2932 angor-3
2743 2837 2749 2846 “

846 2949 977 3011 Aut
998 2947 1126 3010 alia
1146 2945 1379 3028 quavis
1408 2945 1720 3008 scindunt
1752 2948 2097 3030 turpedine
2132 2967 2348 3012 curae.

926 3053 1247 3137 Sisyphus
1273 3050 1346 3114 in
1371 3051 1503 3116 vita
1532 3071 1804 3134 quoque
1828 3053 2018 3118 nobis
2046 3063 2198 3116 ante
2222 3055 2450 3118 oculos
2476 3063 2572 3126 est
2589 3099 2612 3136 ,

844 3158 981 3243 Qui
1003 3169 1227 3241 petere
1252 3177 1293 3220 a
1314 3159 1567 3242 populo
1590 3157 1817 3222 fasceis
1847 3179 2203 3239 saevasque
2233 3157 2517 3224 secureis

714 3269 733 3292 ·
844 3259 1113 3324 Imbihit
1130 3307 1149 3344 ,
1179 3269 1246 3324 et
1266 3281 1529 3344 semper
1549 3259 1762 3324 victus
1783 3259 2115 3341 tristisque
2138 3261 2404 3364 recedit.

843 3364 1013 3428 Nam
1038 3377 1261 3449 petere
1282 3367 1638 3450 imperium
1653 3413 1674 3450 ‚
1705 3369 1889 3454 quod
1906 3367 2108 3431 inane
2133 3379 2263 3452 est,
2299 3391 2426 3434 nec
2453 3371 2644 3448 datur

1883 3495 2212 3560 unquam,
2277 3551 2284 3556 ⁵
2327 3557 2333 3564 ο

838 3575 1054 3656 Atque
1076 3575 1151 3642 in
1176 3600 1256 3645 eo
1281 3601 1539 3666 semper
1565 3582 1809 3646 durum
1839 3575 2114 3646 sufferre
2140 3585 2439 3650 laborem
2456 3631 2480 3670 ‚

838 3679 987 3741 Hoc
1014 3689 1108 3741 est
1138 3685 1417 3748 advorso
1451 3685 1792 3752 nixantem
1815 3687 2076 3752 trudere
2103 3699 2330 3754 monte

842 3782 1117 3861 Saxum3
1150 3787 1331 3860 quod
1350 3795 1575 3857 tamen
1599 3811 1640 3854 a
1657 3810 1918 3878 summo
1941 3791 2081 3856 iam
2112 3792 2362 3858 vortice
2380 3808 2643 3854 rursum
