3117 5050
871 428 989 489 240
1286 411 1421 473 DE
1467 407 1844 471 RERUM
1901 408 2338 473 NATURA
2443 430 2521 473 τ.
2565 414 2709 495 859.

864 564 1273 641 Percoquere
1297 561 1645 621 humorem
1662 603 1683 639 ,
1709 567 1776 621 et
1803 556 2022 621 calido
2045 556 2300 621 sociare
2325 578 2571 641 vapore
2591 562 2622 623 i·
2661 592 2668 601 ·

866 667 1253 751 Praesertim
1267 711 1288 747 ‚
1317 684 1523 747 quom
1544 665 1661 728 vix
1688 664 1892 748 possit
1913 683 2038 746 per
2061 672 2284 745 saepta
2305 666 2662 731 domorum

864 773 1211 837 Insinuare
1230 791 1425 834 suum
1446 768 1650 833 radiis
1675 768 2056 833 ardentibus
2079 778 2330 833 aestum
2347 772 2378 833 Ρ

944 882 1135 965 Quae
1152 877 1325 941 ratio
1348 887 1443 941 est
1463 877 1704 965 igitur?
1726 876 2056 939 Nimirum
2073 920 2092 957 ‚
2122 886 2292 940 terra
2323 878 2534 963 magis
2563 880 2744 962 quod

864 986 1040 1047 Rara
1063 992 1237 1045 tenet
1260 979 1508 1043 circum
1536 978 1818 1059 fontem,
1847 998 2051 1058 quam
2073 988 2286 1041 cetera
2312 984 2544 1060 tellus;

863 1094 1203 1171 Multaque
1224 1096 1373 1151 sunt
1396 1085 1572 1171 ignis
1601 1104 1812 1169 prope
1843 1090 2101 1151 semina
2129 1110 2365 1172 corpus
2393 1095 2613 1172 aquai.

863 1202 1037 1281 Hoc,
1056 1196 1175 1261 ubi
1194 1194 1481 1259 roriferis
1504 1202 1747 1256 terram
1771 1214 1907 1257 nox
1933 1196 2155 1259 obruit
2179 1196 2436 1262 umbris
2450 1244 2471 1280 ,

864 1305 1209 1387 Extemplo
1228 1303 1453 1364 subtus
1477 1298 1766 1384 frigescit
1789 1309 1992 1381 terra,
2015 1300 2300 1381 coitque.

862 1406 1007 1473 Hac
1026 1404 1279 1468 ratione
1304 1402 1412 1483 fit,
1440 1411 1546 1484 ut,
1578 1414 1894 1483 tanquam
1913 1424 2288 1487 compressa
2319 1428 2524 1471 manu
2545 1408 2660 1488 sit,

862 1509 1199 1594 Exprimat
1216 1508 1291 1569 in
1308 1507 1551 1569 fontem
1564 1551 1583 1586 ,
1611 1526 1784 1585 quae
1802 1507 2055 1571 semina
2077 1530 2339 1589 cunque
2359 1512 2558 1572 habet
2575 1508 2782 1596 ignis3

862 1616 1053 1699 Quae
1076 1611 1366 1675 calidum
1396 1608 1646 1672 faciunt
1668 1609 1880 1675 laticis
1895 1620 2139 1675 tactum
2158 1623 2358 1693 atque
2384 1634 2744 1696 vaporem..

861 1719 1062 1797 Inde,
1090 1714 1207 1777 ubi
1230 1716 1330 1777 sol
1348 1712 1549 1777 radiis
1569 1723 1812 1777 terram
1843 1714 2126 1779 dimovit
2155 1716 2404 1781 obortis
2419 1763 2440 1800 ‚

865 1824 947 1885 Et
971 1817 1309 1900 rorefecit,
1338 1817 1556 1881 ealido
1583 1817 1898 1881 miscente
1915 1839 2196 1903 vapore3
2389 1864 2417 1894 0

862 1928 1115 1991 Rursus
1136 1924 1211 1987 in
1240 1923 1539 2005 antiquas
1558 1925 1842 1987 redeunt
1874 1916 2241 2008 primordia¹
2267 1928 2480 1993 sedeis

860 2032 1043 2119 lg*
1058 2078 1082 2112 ,
1111 2038 1174 2094 e't
1198 2030 1273 2093 in
1296 2041 1537 2093 terram
1561 2028 1733 2092 cedit
1751 2032 1933 2095 calor
1952 2033 2170 2096 omnis
2190 2037 2424 2114 aquai:

863 2135 1165 2223 Frigidus
1189 2136 1363 2197 hanc
1390 2137 1479 2196 oh
1502 2148 1644 2195 rem
1669 2130 1745 2193 fit
1769 2133 1918 2199 fons
1933 2132 2008 2197 in
2028 2136 2180 2198 luce
2198 2133 2458 2199 diurna.
2659 2138 2786 2217 874

944 2242 1319 2320 Praeterea,
1340 2238 1497 2303 solis
1519 2237 1729 2301 radiis
1745 2237 2025 2303 iactatur
2051 2245 2252 2322 aquai·

862 2346 1126 2408 Humor
1142 2391 1161 2426 ‚
1188 2344 1343 2409 etin
1368 2347 1588 2408 lucem
1621 2346 1906 2409 tremulo
1929 2346 2198 2408 rarescit
2218 2348 2304 2407 ab
2329 2328 2547 2407 aestu:

864 2432 1221 2536 Propterea
1236 2451 1343 2536 fit5
1360 2451 1486 2534 uti,
1512 2471 1685 2534 quae
1711 2450 1959 2517 semina
1989 2470 2252 2537 cunque
2281 2450 2481 2512 habet
2505 2448 2709 2536 ignis,

862 2559 1193 2639 Dimittat3
1217 2559 1402 2642 quasi
1420 2577 1618 2643 saepe
1639 2560 1896 2646 gelum,
1917 2557 2098 2636 quod
2120 2554 2414 2618 continet
2437 2557 2513 2620 in
2537 2577 2608 2622 se
2622 2595 2644 2640 ‚-

862 2661 1095 2744 Mittit,
1118 2672 1182 2725 et
1204 2662 1483 2727 exsolvit
1502 2661 1817 2748 glaciem,
1845 2663 2183 2744 nodosque
2209 2663 2481 2726 relaxat.

820 2769 837 2784 ⁴
944 2764 1249 2852 Frigidus
1267 2775 1363 2827 est
1382 2765 1584 2827 etiam
1607 2765 1782 2845 fons,
1805 2787 2005 2848 supra
2025 2757 2222 2846 quein
2241 2765 2364 2828 sita
2381 2785 2578 2848 saepe

863 2867 1113 2950 stuppa
1132 2865 1289 2928 iacit
1318 2867 1656 2928 flammam
1671 2911 1691 2948 ,
1717 2878 2036 2950 concepto
2052 2868 2358 2950 protinus
2373 2867 2550 2953 igni3

863 2973 1175 3050 Tedaque
1199 2969 1529 3033 consimili
1558 2971 1816 3036 ratione
1832 3019 1852 3054 ,
1877 2993 2154 3048 accensa
2170 2995 2292 3056 per
2310 2975 2548 3058 unda,
2608 3039 2616 3044 ,
2685 2991 2694 2998 ”

784 3062 793 3070 ’
864 3079 1210 3157 Conlucet‚
1232 3095 1634 3158 quocunque
1651 3088 1894 3143 natans
1911 3079 2278 3164 impellitur
2301 3079 2518 3142 auris:

861 3182 1187 3256 Nimirum
1202 3227 1221 3262 ‚
1255 3182 1411 3262 quia
1432 3182 1682 3244 suntin
1712 3201 1884 3264 aqua
1913 3187 2243 3268 permulta
2267 3184 2534 3266 vaporis

862 3287 1152 3366 Semina3
1184 3287 1267 3348 de
1289 3296 1590 3368 terraque
1609 3307 1868 3352 necesse
1901 3298 1996 3352 est
2024 3289 2320 3354 funditus
2347 3289 2494 3372 ipsa

862 3393 1042 3476 Ignis
1065 3411 1343 3476 corpora
1361 3414 1481 3476 per
1505 3403 1716 3456 totum
1737 3413 2135 3480 consurgere
2154 3394 2406 3464 fontem
2424 3441 2450 3477 ,

862 3497 943 3558 Et
958 3497 1159 3562 simul
1181 3496 1510 3580 exspirare
1528 3498 1704 3561 foras
1726 3544 1748 3579 ,
1773 3497 2083 3579 exireque
2101 3498 2174 3562 in
2193 3518 2386 3562 auras
2403 3520 2424 3576 ;

862 3598 1009 3660 Non
1033 3608 1167 3662 tam
1186 3590 1340 3662 viva
1362 3609 1610 3679 tamen,
1649 3599 1900 3664 calidus
1929 3609 2125 3680 queat
2149 3612 2222 3662 ut
2242 3599 2386 3664 fieri
2405 3601 2574 3668 fons.

941 3703 1281 3766 Praeterea
1295 3748 1316 3784 ‚
1340 3704 1628 3786 dispersa
1649 3705 1852 3785 foras,
1881 3724 2226 3787 erumpere
2253 3704 2428 3790 cogit

863 3799 980 3867 Vis
998 3820 1119 3884 per
1146 3819 1387 3881 aquam
1412 3806 1662 3888 subito,
1679 3829 2070 3890 sursumque
2089 3824 2166 3874 ea
2195 3808 2544 3876 conciliare
2553 3825 2582 3890 :-
